@inproceedings{Hellerstein,
 author = {Hellerstein, Joseph M. and Haas, Peter J. and Wang, Helen J.},
 title = {Online aggregation},
 booktitle = {Proceedings of the 1997 ACM SIGMOD international conference on Management of data},
 series = {SIGMOD '97},
 year = {1997},
 isbn = {0-89791-911-4},
 location = {Tucson, Arizona, United States},
 pages = {171--182},
 numpages = {12},
 url = {http://doi.acm.org/10.1145/253260.253291},
 doi = {http://doi.acm.org/10.1145/253260.253291},
 acmid = {253291},
 publisher = {ACM},
 address = {New York, NY, USA},
}

@inproceedings{Aqua,
 author = {Acharya, Swarup and Gibbons, Phillip B. and Poosala, Viswanath and Ramaswamy, Sridhar},
 title = {The Aqua approximate query answering system},
 booktitle = {Proceedings of the 1999 ACM SIGMOD international conference on Management of data},
 series = {SIGMOD '99},
 year = {1999},
 isbn = {1-58113-084-8},
 location = {Philadelphia, Pennsylvania, United States},
 pages = {574--576},
 numpages = {3},
 url = {http://doi.acm.org/10.1145/304182.304581},
 doi = {http://doi.acm.org/10.1145/304182.304581},
 acmid = {304581},
 publisher = {ACM},
 address = {New York, NY, USA},
} 

@inproceedings{Haas,
    author = {Peter J. Haas},
    title = {Large-Sample and Deterministic Confidence Intervals for Online Aggregation},
    booktitle = {SSDBM},
    year = {1996},
    pages = {51--63},
    publisher = {IEEE Computer Society Press}
}

@inproceedings{Matteo,
 author = {Riondato, Matteo and Akdere, Mert and \c{C}etintemel, U\v{g}ur and Zdonik, Stanley B. and Upfal, Eli},
 title = {The VC-dimension of SQL queries and selectivity estimation through sampling},
 booktitle = {Proceedings of the 2011 European conference on Machine learning and knowledge discovery in databases - Volume Part II},
 series = {ECML PKDD'11},
 year = {2011},
 isbn = {978-3-642-23782-9},
 location = {Athens, Greece},
 pages = {661--676},
 numpages = {16},
 url = {http://dl.acm.org/citation.cfm?id=2034117.2034160},
 acmid = {2034160},
 publisher = {Springer-Verlag},
 address = {Berlin, Heidelberg},
} 