%% This BibTeX bibliography file was created using BibDesk.
%% http://bibdesk.sourceforge.net/


%% Created for Matteo Riondato at 2013-10-26 11:20:13 -0400 


%% Saved with string encoding Unicode (UTF-8) 



@inproceedings{AgarwalMPMMS13,
	Author = {Agarwal, Sameer and Mozafari, Barzan and Panda, Aurojit and Milner, Henry and Madden, Samuel and Stoica, Ion},
	Booktitle = {Proceedings of the 8th ACM European Conference on Computer Systems},
	Date-Added = {2013-10-23 21:32:35 -0400},
	Date-Modified = {2013-10-26 11:20:09 -0400},
	Organization = {ACM},
	Pages = {29--42},
	Title = {Blink{DB}: queries with bounded errors and bounded response times on very large data},
	Year = {2013}}

@book{Miller81,
	Address = {New York, NY, USA},
	Author = {Miller, Rupert G.},
	Date-Added = {2011-08-01 17:33:37 -0400},
	Date-Modified = {2011-08-01 18:56:00 -0400},
	Publisher = {Springer-Verlag},
	Series = {Springer series in statistics},
	Title = {Simultaneous Statistical Inference},
	Year = {1981}}

@inproceedings{WuAEA01,
	Acmid = {375724},
	Address = {New York, NY, USA},
	Author = {Wu, Yi-Leh and Agrawal, Divyakant and El Abbadi, Amr},
	Booktitle = {Proceedings of the 2001 ACM SIGMOD international conference on Management of data},
	Date-Added = {2011-04-29 10:53:54 -0400},
	Date-Modified = {2011-04-29 10:54:14 -0400},
	Doi = {http://doi.acm.org/10.1145/375663.375724},
	Isbn = {1-58113-332-4},
	Keywords = {cumulative frequency distribution, query estimation, random sampling, range query},
	Location = {Santa Barbara, California, United States},
	Numpages = {12},
	Pages = {449--460},
	Publisher = {ACM},
	Series = {SIGMOD '01},
	Title = {Applying the golden rule of sampling for query estimation},
	Url = {http://doi.acm.org/10.1145/375663.375724},
	Year = {2001},
	Bdsk-Url-1 = {http://doi.acm.org/10.1145/375663.375724}}

@inproceedings{HellersteinHW97,
	Acmid = {253291},
	Address = {New York, NY, USA},
	Author = {Hellerstein, Joseph M. and Haas, Peter J. and Wang, Helen J.},
	Booktitle = {Proceedings of the 1997 ACM SIGMOD international conference on Management of data},
	Date-Added = {2011-04-28 13:39:15 -0400},
	Date-Modified = {2011-04-28 13:47:57 -0400},
	Doi = {http://doi.acm.org/10.1145/253260.253291},
	Isbn = {0-89791-911-4},
	Keywords = {online aggregation},
	Location = {Tucson, Arizona, United States},
	Numpages = {12},
	Pages = {171--182},
	Publisher = {ACM},
	Series = {SIGMOD '97},
	Title = {Online aggregation},
	Url = {http://doi.acm.org/10.1145/253260.253291},
	Year = {1997},
	Bdsk-Url-1 = {http://doi.acm.org/10.1145/253260.253291}}

@incollection{LofflerP09,
	Affiliation = {Utrecht University Department of Information and Computing Sciences},
	Author = {L\"{o}ffler, Maarten and Phillips, Jeff M.},
	Booktitle = {Algorithms - ESA 2009},
	Date-Added = {2011-04-27 10:39:29 -0400},
	Date-Modified = {2011-08-01 18:55:54 -0400},
	Editor = {Fiat, Amos and Sanders, Peter},
	Keywords = {vcdim},
	Pages = {313--324},
	Publisher = {Springer-Verlag},
	Series = {Lecture Notes in Computer Science},
	Title = {Shape Fitting on Point Sets with Probability Distributions},
	Url = {http://dx.doi.org/10.1007/978-3-642-04128-0_29},
	Volume = {5757},
	Year = {2009},
	Bdsk-Url-1 = {http://dx.doi.org/10.1007/978-3-642-04128-0_29}}

@inproceedings{PolJ05,
	Acmid = {1066224},
	Address = {New York, NY, USA},
	Author = {Pol, Abhijit and Jermaine, Christopher},
	Booktitle = {Proceedings of the 2005 ACM SIGMOD international conference on Management of data ACM SIGMOD international conference on Management of data},
	Date-Added = {2011-04-22 13:24:33 -0400},
	Date-Modified = {2011-04-28 13:48:55 -0400},
	Doi = {http://doi.acm.org/10.1145/1066157.1066224},
	Isbn = {1-59593-060-4},
	Keywords = {error guarantees},
	Location = {Baltimore, Maryland},
	Numpages = {12},
	Pages = {587--598},
	Publisher = {ACM},
	Series = {SIGMOD '05},
	Title = {Relational confidence bounds are easy with the bootstrap},
	Url = {http://doi.acm.org/10.1145/1066157.1066224},
	Year = {2005},
	Bdsk-Url-1 = {http://doi.acm.org/10.1145/1066157.1066224}}

@inproceedings{ChenGN10,
	Acmid = {1807186},
	Address = {New York, NY, USA},
	Author = {Chen, Shimin and Gibbons, Phillip B. and Nath, Suman},
	Booktitle = {Proceedings of the 2010 international conference on Management of data},
	Date-Added = {2011-04-20 16:04:17 -0400},
	Date-Modified = {2011-04-28 13:45:33 -0400},
	Doi = {http://doi.acm.org/10.1145/1807167.1807186},
	Isbn = {978-1-4503-0032-2},
	Keywords = {online aggregation},
	Location = {Indianapolis, Indiana, USA},
	Numpages = {12},
	Pages = {147--158},
	Publisher = {ACM},
	Series = {SIGMOD '10},
	Title = {{PR}-join: a non-blocking join achieving higher early result rate with statistical guarantees},
	Url = {http://doi.acm.org/10.1145/1807167.1807186},
	Year = {2010},
	Bdsk-File-1 = {YnBsaXN0MDDUAQIDBAUGJCVYJHZlcnNpb25YJG9iamVjdHNZJGFyY2hpdmVyVCR0b3ASAAGGoKgHCBMUFRYaIVUkbnVsbNMJCgsMDRBWJGNsYXNzV05TLmtleXNaTlMub2JqZWN0c4AHog4PgAKAA6IREoAEgAVccmVsYXRpdmVQYXRoWWFsaWFzRGF0YV8QHS4uL2JpYmxpby9DaGVuRXRBbC1QUkpvaW4ucGRm0gkXGBlXTlMuZGF0YYAGTxEB1gAAAAAB1gACAAAJUmlvbmRhNTAwAAAAAAAAAAAAAAAAAAAAAAAAycNi30grAAAAD3N1E0NoZW5FdEFsLVBSSm9pbi5wZGYAAAAAAAAAAAAAAAAAAAAAAAAAAAAAAAAAAAAAAAAAAAAAAAAAAAAAAAAAAAAV+brJ1LYuAAAAAAAAAAAAAQACAAAJIAAAAAAAAAAAAAAAAAAAAAZiaWJsaW8AEAAIAADJw5sfAAAAEQAIAADJ1O5uAAAAAQAgAA9zdQAtpFQAD3NjAA9zXgAOyGMABausAAWrnwAAkeUAAgBUUmlvbmRhNTAwOlVzZXJzOnJpb25kYTpEb2N1bWVudHM6dW5pOnJlczpkYXRhYmFzZXM6YXBwcm94OmJpYmxpbzpDaGVuRXRBbC1QUkpvaW4ucGRmAA4AKAATAEMAaABlAG4ARQB0AEEAbAAtAFAAUgBKAG8AaQBuAC4AcABkAGYADwAUAAkAUgBpAG8AbgBkAGEANQAwADAAEgBKVXNlcnMvcmlvbmRhL0RvY3VtZW50cy91bmkvcmVzL2RhdGFiYXNlcy9hcHByb3gvYmlibGlvL0NoZW5FdEFsLVBSSm9pbi5wZGYAEwABLwAAFQACAA3//wAA0hscHR5aJGNsYXNzbmFtZVgkY2xhc3Nlc11OU011dGFibGVEYXRhox0fIFZOU0RhdGFYTlNPYmplY3TSGxwiI1xOU0RpY3Rpb25hcnmiIiBfEA9OU0tleWVkQXJjaGl2ZXLRJidUcm9vdIABAAgAEQAaACMALQAyADcAQABGAE0AVABcAGcAaQBsAG4AcABzAHUAdwCEAI4ArgCzALsAvQKXApwCpwKwAr4CwgLJAtIC1wLkAucC+QL8AwEAAAAAAAACAQAAAAAAAAAoAAAAAAAAAAAAAAAAAAADAw==},
	Bdsk-Url-1 = {http://doi.acm.org/10.1145/1807167.1807186}}

@inproceedings{JoshiJ08,
	Abstract = {We consider the problem of estimating the result of an aggregate query with a very low selectivity. Traditional sampling techniques can be ineffective for such a problem since a small random sample is likely to miss most or even all of the records satisfying the restrictive selection predicate. Stratfied sampling is useful in this situation, but a key problem in applying stratified sampling effectively is identifying which strata are important and developing a sampling plan that favors those strata in a robust fashion. We develop a solution to this problem that combines any prior knowledge or expectation about the stratification with information obtained from pilot sampling in a principled Bayesian framework.},
	Author = {Joshi, Shantanu and Jermaine, Christopher},
	Booktitle = {IEEE 24th International Conference on Data Engineering},
	Date-Added = {2011-04-20 15:04:49 -0400},
	Date-Modified = {2011-04-28 13:43:22 -0400},
	Doi = {10.1109/ICDE.2008.4497428},
	Keywords = {stratified sampling},
	Month = {apr},
	Pages = {1990-208},
	Series = {ICDE 2008},
	Title = {Robust Stratified Sampling Plans for Low Selectivity Queries},
	Year = {2008},
	Bdsk-File-1 = {YnBsaXN0MDDUAQIDBAUGJCVYJHZlcnNpb25YJG9iamVjdHNZJGFyY2hpdmVyVCR0b3ASAAGGoKgHCBMUFRYaIVUkbnVsbNMJCgsMDRBWJGNsYXNzV05TLmtleXNaTlMub2JqZWN0c4AHog4PgAKAA6IREoAEgAVccmVsYXRpdmVQYXRoWWFsaWFzRGF0YV8QNi4uL2JpYmxpby9Kb3NoaUplcm1haW5lMjAwOC1Sb2JTdHJ0U2FtcGxMb3dTZWxRdWVyLnBkZtIJFxgZV05TLmRhdGGABk8RAi4AAAAAAi4AAgAACVJpb25kYTUwMAAAAAAAAAAAAAAAAAAAAAAAAMnDYt9IKwAAAA9zdR9Kb3NoaUplcm1haW5lMjAwOC1SbyMxNUY5OUQucGRmAAAAAAAAAAAAAAAAAAAAAAAAAAAAAAAAAAAAAAAAAAAAFfmdydS11AAAAAAAAAAAAAEAAgAACSAAAAAAAAAAAAAAAAAAAAAGYmlibGlvABAACAAAycObHwAAABEACAAAydTuFAAAAAEAIAAPc3UALaRUAA9zYwAPc14ADshjAAWrrAAFq58AAJHlAAIAYFJpb25kYTUwMDpVc2VyczpyaW9uZGE6RG9jdW1lbnRzOnVuaTpyZXM6ZGF0YWJhc2VzOmFwcHJveDpiaWJsaW86Sm9zaGlKZXJtYWluZTIwMDgtUm8jMTVGOTlELnBkZgAOAFoALABKAG8AcwBoAGkASgBlAHIAbQBhAGkAbgBlADIAMAAwADgALQBSAG8AYgBTAHQAcgB0AFMAYQBtAHAAbABMAG8AdwBTAGUAbABRAHUAZQByAC4AcABkAGYADwAUAAkAUgBpAG8AbgBkAGEANQAwADAAEgBjVXNlcnMvcmlvbmRhL0RvY3VtZW50cy91bmkvcmVzL2RhdGFiYXNlcy9hcHByb3gvYmlibGlvL0pvc2hpSmVybWFpbmUyMDA4LVJvYlN0cnRTYW1wbExvd1NlbFF1ZXIucGRmAAATAAEvAAAVAAIADf//AADSGxwdHlokY2xhc3NuYW1lWCRjbGFzc2VzXU5TTXV0YWJsZURhdGGjHR8gVk5TRGF0YVhOU09iamVjdNIbHCIjXE5TRGljdGlvbmFyeaIiIF8QD05TS2V5ZWRBcmNoaXZlctEmJ1Ryb290gAEACAARABoAIwAtADIANwBAAEYATQBUAFwAZwBpAGwAbgBwAHMAdQB3AIQAjgDHAMwA1ADWAwgDDQMYAyEDLwMzAzoDQwNIA1UDWANqA20DcgAAAAAAAAIBAAAAAAAAACgAAAAAAAAAAAAAAAAAAAN0},
	Bdsk-Url-1 = {http://ieeexplore.ieee.org/stamp/stamp.jsp?tp=&arnumber=4497428}}

@inproceedings{GibbonsM98,
	Acmid = {276334},
	Address = {New York, NY, USA},
	Author = {Gibbons, Phillip B. and Matias, Yossi},
	Booktitle = {Proceedings of the 1998 ACM SIGMOD international conference on Management of data},
	Date-Added = {2011-04-13 17:27:29 -0400},
	Date-Modified = {2011-04-15 14:07:32 -0400},
	Doi = {http://doi.acm.org/10.1145/276304.276334},
	Isbn = {0-89791-995-5},
	Keywords = {sampling limitations, aqp},
	Location = {Seattle, Washington, United States},
	Numpages = {12},
	Pages = {331--342},
	Publisher = {ACM},
	Series = {SIGMOD '98},
	Title = {New sampling-based summary statistics for improving approximate query answers},
	Url = {http://doi.acm.org/10.1145/276304.276334},
	Year = {1998},
	Bdsk-File-1 = {YnBsaXN0MDDUAQIDBAUGJCVYJHZlcnNpb25YJG9iamVjdHNZJGFyY2hpdmVyVCR0b3ASAAGGoKgHCBMUFRYaIVUkbnVsbNMJCgsMDRBWJGNsYXNzV05TLmtleXNaTlMub2JqZWN0c4AHog4PgAKAA6IREoAEgAVccmVsYXRpdmVQYXRoWWFsaWFzRGF0YV8QOS4uL2JpYmxpby9HaWJib25zTWF0aWFzLU5ld1NhbXBsQmFzZWRTdW1TdGF0c0ltcHJvdkFRLnBkZtIJFxgZV05TLmRhdGGABk8RAjYAAAAAAjYAAgAACVJpb25kYTUwMAAAAAAAAAAAAAAAAAAAAAAAAMnDYt9IKwAAAA9zdR9HaWJib25zTWF0aWFzLU5ld1NhbXAjRjczODgucGRmAAAAAAAAAAAAAAAAAAAAAAAAAAAAAAAAAAAAAAAAAAAAD3OIxitkVQAAAAAAAAAAAAEAAgAACSAAAAAAAAAAAAAAAAAAAAAGYmlibGlvABAACAAAycObHwAAABEACAAAxiuclQAAAAEAIAAPc3UALaRUAA9zYwAPc14ADshjAAWrrAAFq58AAJHlAAIAYFJpb25kYTUwMDpVc2VyczpyaW9uZGE6RG9jdW1lbnRzOnVuaTpyZXM6ZGF0YWJhc2VzOmFwcHJveDpiaWJsaW86R2liYm9uc01hdGlhcy1OZXdTYW1wI0Y3Mzg4LnBkZgAOAGAALwBHAGkAYgBiAG8AbgBzAE0AYQB0AGkAYQBzAC0ATgBlAHcAUwBhAG0AcABsAEIAYQBzAGUAZABTAHUAbQBTAHQAYQB0AHMASQBtAHAAcgBvAHYAQQBRAC4AcABkAGYADwAUAAkAUgBpAG8AbgBkAGEANQAwADAAEgBmVXNlcnMvcmlvbmRhL0RvY3VtZW50cy91bmkvcmVzL2RhdGFiYXNlcy9hcHByb3gvYmlibGlvL0dpYmJvbnNNYXRpYXMtTmV3U2FtcGxCYXNlZFN1bVN0YXRzSW1wcm92QVEucGRmABMAAS8AABUAAgAN//8AANIbHB0eWiRjbGFzc25hbWVYJGNsYXNzZXNdTlNNdXRhYmxlRGF0YaMdHyBWTlNEYXRhWE5TT2JqZWN00hscIiNcTlNEaWN0aW9uYXJ5oiIgXxAPTlNLZXllZEFyY2hpdmVy0SYnVHJvb3SAAQAIABEAGgAjAC0AMgA3AEAARgBNAFQAXABnAGkAbABuAHAAcwB1AHcAhACOAMoAzwDXANkDEwMYAyMDLAM6Az4DRQNOA1MDYANjA3UDeAN9AAAAAAAAAgEAAAAAAAAAKAAAAAAAAAAAAAAAAAAAA38=},
	Bdsk-Url-1 = {http://doi.acm.org/10.1145/276304.276334}}

@inproceedings{LiHYLS08,
	Acmid = {1376695},
	Address = {New York, NY, USA},
	Author = {Li, Xiaolei and Han, Jiawei and Yin, Zhijun and Lee, Jae-Gil and Sun, Yizhou},
	Booktitle = {Proceedings of the 2008 ACM SIGMOD international conference on Management of data},
	Date-Added = {2011-04-13 15:33:10 -0400},
	Date-Modified = {2011-04-15 14:19:35 -0400},
	Doi = {http://doi.acm.org/10.1145/1376616.1376695},
	Isbn = {978-1-60558-102-6},
	Keywords = {olap, data cube},
	Location = {Vancouver, Canada},
	Numpages = {12},
	Pages = {779--790},
	Publisher = {ACM},
	Series = {SIGMOD '08},
	Title = {Sampling cube: a framework for statistical {OLAP} over sampling data},
	Url = {http://doi.acm.org/10.1145/1376616.1376695},
	Year = {2008},
	Bdsk-File-1 = {YnBsaXN0MDDUAQIDBAUGJCVYJHZlcnNpb25YJG9iamVjdHNZJGFyY2hpdmVyVCR0b3ASAAGGoKgHCBMUFRYaIVUkbnVsbNMJCgsMDRBWJGNsYXNzV05TLmtleXNaTlMub2JqZWN0c4AHog4PgAKAA6IREoAEgAVccmVsYXRpdmVQYXRoWWFsaWFzRGF0YV8QOS4uL2JpYmxpby9MaUV0QWwyMDA4LVNhbXBsQ3ViZUZyYW1ld1N0YXRPTEFQU2FtcGxEYXRhLnBkZtIJFxgZV05TLmRhdGGABk8RAjYAAAAAAjYAAgAACVJpb25kYTUwMAAAAAAAAAAAAAAAAAAAAAAAAMnDYt9IKwAAAA9zdR9MaUV0QWwyMDA4LVNhbXBsQ3ViZUYjRjczOTgucGRmAAAAAAAAAAAAAAAAAAAAAAAAAAAAAAAAAAAAAAAAAAAAD3OYyW8vjFBERiBDQVJPAAEAAgAACSAAAAAAAAAAAAAAAAAAAAAGYmlibGlvABAACAAAycObHwAAABEACAAAyW913AAAAAEAIAAPc3UALaRUAA9zYwAPc14ADshjAAWrrAAFq58AAJHlAAIAYFJpb25kYTUwMDpVc2VyczpyaW9uZGE6RG9jdW1lbnRzOnVuaTpyZXM6ZGF0YWJhc2VzOmFwcHJveDpiaWJsaW86TGlFdEFsMjAwOC1TYW1wbEN1YmVGI0Y3Mzk4LnBkZgAOAGAALwBMAGkARQB0AEEAbAAyADAAMAA4AC0AUwBhAG0AcABsAEMAdQBiAGUARgByAGEAbQBlAHcAUwB0AGEAdABPAEwAQQBQAFMAYQBtAHAAbABEAGEAdABhAC4AcABkAGYADwAUAAkAUgBpAG8AbgBkAGEANQAwADAAEgBmVXNlcnMvcmlvbmRhL0RvY3VtZW50cy91bmkvcmVzL2RhdGFiYXNlcy9hcHByb3gvYmlibGlvL0xpRXRBbDIwMDgtU2FtcGxDdWJlRnJhbWV3U3RhdE9MQVBTYW1wbERhdGEucGRmABMAAS8AABUAAgAN//8AANIbHB0eWiRjbGFzc25hbWVYJGNsYXNzZXNdTlNNdXRhYmxlRGF0YaMdHyBWTlNEYXRhWE5TT2JqZWN00hscIiNcTlNEaWN0aW9uYXJ5oiIgXxAPTlNLZXllZEFyY2hpdmVy0SYnVHJvb3SAAQAIABEAGgAjAC0AMgA3AEAARgBNAFQAXABnAGkAbABuAHAAcwB1AHcAhACOAMoAzwDXANkDEwMYAyMDLAM6Az4DRQNOA1MDYANjA3UDeAN9AAAAAAAAAgEAAAAAAAAAKAAAAAAAAAAAAAAAAAAAA38=},
	Bdsk-Url-1 = {http://doi.acm.org/10.1145/1376616.1376695}}

@inproceedings{WuOT10,
	Acmid = {1807238},
	Address = {New York, NY, USA},
	Author = {Wu, Sai and Ooi, Beng Chin and Tan, Kian-Lee},
	Booktitle = {Proceedings of the 2010 international conference on Management of data},
	Date-Added = {2011-04-13 15:30:31 -0400},
	Date-Modified = {2011-04-15 16:54:13 -0400},
	Doi = {http://doi.acm.org/10.1145/1807167.1807238},
	Isbn = {978-1-4503-0032-2},
	Keywords = {online aggregation},
	Location = {Indianapolis, Indiana, USA},
	Numpages = {12},
	Pages = {651--662},
	Publisher = {ACM},
	Series = {SIGMOD '10},
	Title = {Continuous sampling for online aggregation over multiple queries},
	Url = {http://doi.acm.org/10.1145/1807167.1807238},
	Year = {2010},
	Bdsk-File-1 = {YnBsaXN0MDDUAQIDBAUGJCVYJHZlcnNpb25YJG9iamVjdHNZJGFyY2hpdmVyVCR0b3ASAAGGoKgHCBMUFRYaIVUkbnVsbNMJCgsMDRBWJGNsYXNzV05TLmtleXNaTlMub2JqZWN0c4AHog4PgAKAA6IREoAEgAVccmVsYXRpdmVQYXRoWWFsaWFzRGF0YV8QOC4uL2JpYmxpby9XdUV0QWwyMDEwLUNvbnRpblNhbXBsT25sQWdncmVnTXVsdGlwbFF1ZXIucGRm0gkXGBlXTlMuZGF0YYAGTxECNAAAAAACNAACAAAJUmlvbmRhNTAwAAAAAAAAAAAAAAAAAAAAAAAAycNi30grAAAAD3N1H1d1RXRBbDIwMTAtQ29udGluU2FtcCNGNzNBQS5wZGYAAAAAAAAAAAAAAAAAAAAAAAAAAAAAAAAAAAAAAAAAAAAPc6rJby+HUERGIENBUk8AAQACAAAJIAAAAAAAAAAAAAAAAAAAAAZiaWJsaW8AEAAIAADJw5sfAAAAEQAIAADJb3XXAAAAAQAgAA9zdQAtpFQAD3NjAA9zXgAOyGMABausAAWrnwAAkeUAAgBgUmlvbmRhNTAwOlVzZXJzOnJpb25kYTpEb2N1bWVudHM6dW5pOnJlczpkYXRhYmFzZXM6YXBwcm94OmJpYmxpbzpXdUV0QWwyMDEwLUNvbnRpblNhbXAjRjczQUEucGRmAA4AXgAuAFcAdQBFAHQAQQBsADIAMAAxADAALQBDAG8AbgB0AGkAbgBTAGEAbQBwAGwATwBuAGwAQQBnAGcAcgBlAGcATQB1AGwAdABpAHAAbABRAHUAZQByAC4AcABkAGYADwAUAAkAUgBpAG8AbgBkAGEANQAwADAAEgBlVXNlcnMvcmlvbmRhL0RvY3VtZW50cy91bmkvcmVzL2RhdGFiYXNlcy9hcHByb3gvYmlibGlvL1d1RXRBbDIwMTAtQ29udGluU2FtcGxPbmxBZ2dyZWdNdWx0aXBsUXVlci5wZGYAABMAAS8AABUAAgAN//8AANIbHB0eWiRjbGFzc25hbWVYJGNsYXNzZXNdTlNNdXRhYmxlRGF0YaMdHyBWTlNEYXRhWE5TT2JqZWN00hscIiNcTlNEaWN0aW9uYXJ5oiIgXxAPTlNLZXllZEFyY2hpdmVy0SYnVHJvb3SAAQAIABEAGgAjAC0AMgA3AEAARgBNAFQAXABnAGkAbABuAHAAcwB1AHcAhACOAMkAzgDWANgDEAMVAyADKQM3AzsDQgNLA1ADXQNgA3IDdQN6AAAAAAAAAgEAAAAAAAAAKAAAAAAAAAAAAAAAAAAAA3w=},
	Bdsk-Url-1 = {http://doi.acm.org/10.1145/1807167.1807238}}

@inproceedings{HaasH99,
	Acmid = {304208},
	Address = {New York, NY, USA},
	Author = {Haas, Peter J. and Hellerstein, Joseph M.},
	Booktitle = {Proceedings of the 1999 ACM SIGMOD international conference on Management of data},
	Date-Added = {2011-04-13 14:17:47 -0400},
	Date-Modified = {2011-04-15 14:10:41 -0400},
	Doi = {http://doi.acm.org/10.1145/304182.304208},
	Isbn = {1-58113-084-8},
	Keywords = {online aggregation,},
	Location = {Philadelphia, Pennsylvania, United States},
	Numpages = {12},
	Pages = {287--298},
	Publisher = {ACM},
	Series = {SIGMOD '99},
	Title = {Ripple joins for online aggregation},
	Url = {http://doi.acm.org/10.1145/304182.304208},
	Year = {1999},
	Bdsk-File-1 = {YnBsaXN0MDDUAQIDBAUGJCVYJHZlcnNpb25YJG9iamVjdHNZJGFyY2hpdmVyVCR0b3ASAAGGoKgHCBMUFRYaIVUkbnVsbNMJCgsMDRBWJGNsYXNzV05TLmtleXNaTlMub2JqZWN0c4AHog4PgAKAA6IREoAEgAVccmVsYXRpdmVQYXRoWWFsaWFzRGF0YV8QLS4uL2JpYmxpby9IYWFzSGVsbGVyc3RlaW4xOTk5LVJpcHBsZUpvaW5zLnBkZtIJFxgZV05TLmRhdGGABk8RAhIAAAAAAhIAAgAACVJpb25kYTUwMAAAAAAAAAAAAAAAAAAAAAAAAMnDYt9IKwAAAA9zdR9IYWFzSGVsbGVyc3RlaW4xOTk5LVIjRjczOEUucGRmAAAAAAAAAAAAAAAAAAAAAAAAAAAAAAAAAAAAAAAAAAAAD3OOycthJgAAAAAAAAAAAAEAAgAACSAAAAAAAAAAAAAAAAAAAAAGYmlibGlvABAACAAAycObHwAAABEACAAAycuZZgAAAAEAIAAPc3UALaRUAA9zYwAPc14ADshjAAWrrAAFq58AAJHlAAIAYFJpb25kYTUwMDpVc2VyczpyaW9uZGE6RG9jdW1lbnRzOnVuaTpyZXM6ZGF0YWJhc2VzOmFwcHJveDpiaWJsaW86SGFhc0hlbGxlcnN0ZWluMTk5OS1SI0Y3MzhFLnBkZgAOAEgAIwBIAGEAYQBzAEgAZQBsAGwAZQByAHMAdABlAGkAbgAxADkAOQA5AC0AUgBpAHAAcABsAGUASgBvAGkAbgBzAC4AcABkAGYADwAUAAkAUgBpAG8AbgBkAGEANQAwADAAEgBaVXNlcnMvcmlvbmRhL0RvY3VtZW50cy91bmkvcmVzL2RhdGFiYXNlcy9hcHByb3gvYmlibGlvL0hhYXNIZWxsZXJzdGVpbjE5OTktUmlwcGxlSm9pbnMucGRmABMAAS8AABUAAgAN//8AANIbHB0eWiRjbGFzc25hbWVYJGNsYXNzZXNdTlNNdXRhYmxlRGF0YaMdHyBWTlNEYXRhWE5TT2JqZWN00hscIiNcTlNEaWN0aW9uYXJ5oiIgXxAPTlNLZXllZEFyY2hpdmVy0SYnVHJvb3SAAQAIABEAGgAjAC0AMgA3AEAARgBNAFQAXABnAGkAbABuAHAAcwB1AHcAhACOAL4AwwDLAM0C4wLoAvMC/AMKAw4DFQMeAyMDMAMzA0UDSANNAAAAAAAAAgEAAAAAAAAAKAAAAAAAAAAAAAAAAAAAA08=},
	Bdsk-Url-1 = {http://doi.acm.org/10.1145/304182.304208}}

@inproceedings{LazaradisM01,
	Acmid = {375718},
	Address = {New York, NY, USA},
	Author = {Lazaridis, Iosif and Mehrotra, Sharad},
	Booktitle = {Proceedings of the 2001 ACM SIGMOD international conference on Management of data},
	Date-Added = {2011-04-13 14:11:08 -0400},
	Date-Modified = {2011-04-15 14:18:46 -0400},
	Doi = {http://doi.acm.org/10.1145/375663.375718},
	Isbn = {1-58113-332-4},
	Keywords = {aqp, workload information, tree data structures},
	Location = {Santa Barbara, California, United States},
	Numpages = {12},
	Pages = {401--412},
	Publisher = {ACM},
	Series = {SIGMOD '01},
	Title = {Progressive approximate aggregate queries with a multi-resolution tree structure},
	Url = {http://doi.acm.org/10.1145/375663.375718},
	Year = {2001},
	Bdsk-File-1 = {YnBsaXN0MDDUAQIDBAUGJCVYJHZlcnNpb25YJG9iamVjdHNZJGFyY2hpdmVyVCR0b3ASAAGGoKgHCBMUFRYaIVUkbnVsbNMJCgsMDRBWJGNsYXNzV05TLmtleXNaTlMub2JqZWN0c4AHog4PgAKAA6IREoAEgAVccmVsYXRpdmVQYXRoWWFsaWFzRGF0YV8QRy4uL2JpYmxpby9MYXphcmlkaXNNZWhyb3RyYTIwMDEtUHJvZ3JBcHByb3hBZ2dRdWVyTXVsdGlSZXNUcmVlU3RydWMucGRm0gkXGBlXTlMuZGF0YYAGTxECYAAAAAACYAACAAAJUmlvbmRhNTAwAAAAAAAAAAAAAAAAAAAAAAAAycNi30grAAAAD3N1H0xhemFyaWRpc01laHJvdHJhMjAwMSNGNzM5Ni5wZGYAAAAAAAAAAAAAAAAAAAAAAAAAAAAAAAAAAAAAAAAAAAAPc5bJy2CsAAAAAAAAAAAAAQACAAAJIAAAAAAAAAAAAAAAAAAAAAZiaWJsaW8AEAAIAADJw5sfAAAAEQAIAADJy5jsAAAAAQAgAA9zdQAtpFQAD3NjAA9zXgAOyGMABausAAWrnwAAkeUAAgBgUmlvbmRhNTAwOlVzZXJzOnJpb25kYTpEb2N1bWVudHM6dW5pOnJlczpkYXRhYmFzZXM6YXBwcm94OmJpYmxpbzpMYXphcmlkaXNNZWhyb3RyYTIwMDEjRjczOTYucGRmAA4AfAA9AEwAYQB6AGEAcgBpAGQAaQBzAE0AZQBoAHIAbwB0AHIAYQAyADAAMAAxAC0AUAByAG8AZwByAEEAcABwAHIAbwB4AEEAZwBnAFEAdQBlAHIATQB1AGwAdABpAFIAZQBzAFQAcgBlAGUAUwB0AHIAdQBjAC4AcABkAGYADwAUAAkAUgBpAG8AbgBkAGEANQAwADAAEgB0VXNlcnMvcmlvbmRhL0RvY3VtZW50cy91bmkvcmVzL2RhdGFiYXNlcy9hcHByb3gvYmlibGlvL0xhemFyaWRpc01laHJvdHJhMjAwMS1Qcm9nckFwcHJveEFnZ1F1ZXJNdWx0aVJlc1RyZWVTdHJ1Yy5wZGYAEwABLwAAFQACAA3//wAA0hscHR5aJGNsYXNzbmFtZVgkY2xhc3Nlc11OU011dGFibGVEYXRhox0fIFZOU0RhdGFYTlNPYmplY3TSGxwiI1xOU0RpY3Rpb25hcnmiIiBfEA9OU0tleWVkQXJjaGl2ZXLRJidUcm9vdIABAAgAEQAaACMALQAyADcAQABGAE0AVABcAGcAaQBsAG4AcABzAHUAdwCEAI4A2ADdAOUA5wNLA1ADWwNkA3IDdgN9A4YDiwOYA5sDrQOwA7UAAAAAAAACAQAAAAAAAAAoAAAAAAAAAAAAAAAAAAADtw==},
	Bdsk-Url-1 = {http://doi.acm.org/10.1145/375663.375718}}

@inproceedings{AcharyaGPR99,
	Acmid = {304207},
	Address = {New York, NY, USA},
	Author = {Acharya, Swarup and Gibbons, Phillip B. and Poosala, Viswanath and Ramaswamy, Sridhar},
	Booktitle = {Proceedings of the 1999 ACM SIGMOD international conference on Management of data},
	Date-Added = {2011-04-13 13:36:32 -0400},
	Date-Modified = {2011-04-15 14:44:46 -0400},
	Doi = {http://doi.acm.org/10.1145/304182.304207},
	Isbn = {1-58113-084-8},
	Keywords = {aqp, synopses},
	Location = {Philadelphia, Pennsylvania, United States},
	Numpages = {12},
	Pages = {275--286},
	Publisher = {ACM},
	Series = {SIGMOD '99},
	Title = {Join synopses for approximate query answering},
	Url = {http://doi.acm.org/10.1145/304182.304207},
	Year = {1999},
	Bdsk-File-1 = {YnBsaXN0MDDUAQIDBAUGJCVYJHZlcnNpb25YJG9iamVjdHNZJGFyY2hpdmVyVCR0b3ASAAGGoKgHCBMUFRYaIVUkbnVsbNMJCgsMDRBWJGNsYXNzV05TLmtleXNaTlMub2JqZWN0c4AHog4PgAKAA6IREoAEgAVccmVsYXRpdmVQYXRoWWFsaWFzRGF0YV8QKi4uL2JpYmxpby9BY2hhcnlhRXRBbDE5OTktSm9pblN5bm9wc2VzLnBkZtIJFxgZV05TLmRhdGGABk8RAgoAAAAAAgoAAgAACVJpb25kYTUwMAAAAAAAAAAAAAAAAAAAAAAAAMnDYt9IKwAAAA9zdR9BY2hhcnlhRXRBbDE5OTktSm9pblMjRjczNzcucGRmAAAAAAAAAAAAAAAAAAAAAAAAAAAAAAAAAAAAAAAAAAAAD3N3yY2KhAAAAAAAAAAAAAEAAgAACSAAAAAAAAAAAAAAAAAAAAAGYmlibGlvABAACAAAycObHwAAABEACAAAyY3Q1AAAAAEAIAAPc3UALaRUAA9zYwAPc14ADshjAAWrrAAFq58AAJHlAAIAYFJpb25kYTUwMDpVc2VyczpyaW9uZGE6RG9jdW1lbnRzOnVuaTpyZXM6ZGF0YWJhc2VzOmFwcHJveDpiaWJsaW86QWNoYXJ5YUV0QWwxOTk5LUpvaW5TI0Y3Mzc3LnBkZgAOAEIAIABBAGMAaABhAHIAeQBhAEUAdABBAGwAMQA5ADkAOQAtAEoAbwBpAG4AUwB5AG4AbwBwAHMAZQBzAC4AcABkAGYADwAUAAkAUgBpAG8AbgBkAGEANQAwADAAEgBXVXNlcnMvcmlvbmRhL0RvY3VtZW50cy91bmkvcmVzL2RhdGFiYXNlcy9hcHByb3gvYmlibGlvL0FjaGFyeWFFdEFsMTk5OS1Kb2luU3lub3BzZXMucGRmAAATAAEvAAAVAAIADf//AADSGxwdHlokY2xhc3NuYW1lWCRjbGFzc2VzXU5TTXV0YWJsZURhdGGjHR8gVk5TRGF0YVhOU09iamVjdNIbHCIjXE5TRGljdGlvbmFyeaIiIF8QD05TS2V5ZWRBcmNoaXZlctEmJ1Ryb290gAEACAARABoAIwAtADIANwBAAEYATQBUAFwAZwBpAGwAbgBwAHMAdQB3AIQAjgC7AMAAyADKAtgC3QLoAvEC/wMDAwoDEwMYAyUDKAM6Az0DQgAAAAAAAAIBAAAAAAAAACgAAAAAAAAAAAAAAAAAAANE},
	Bdsk-Url-1 = {http://doi.acm.org/10.1145/304182.304207}}

@inproceedings{AcharyaGP00,
	Acmid = {335450},
	Address = {New York, NY, USA},
	Author = {Acharya, Swarup and Gibbons, Phillip B. and Poosala, Viswanath},
	Booktitle = {Proceedings of the 2000 ACM SIGMOD international conference on Management of data},
	Date-Added = {2011-04-13 11:25:10 -0400},
	Date-Modified = {2011-04-15 13:59:27 -0400},
	Doi = {http://doi.acm.org/10.1145/342009.335450},
	Isbn = {1-58113-217-4},
	Keywords = {group by, aqp},
	Location = {Dallas, Texas, United States},
	Numpages = {12},
	Pages = {487--498},
	Publisher = {ACM},
	Series = {SIGMOD '00},
	Title = {Congressional samples for approximate answering of {GROUP BY} queries},
	Url = {http://doi.acm.org/10.1145/342009.335450},
	Year = {2000},
	Bdsk-File-1 = {YnBsaXN0MDDUAQIDBAUGJCVYJHZlcnNpb25YJG9iamVjdHNZJGFyY2hpdmVyVCR0b3ASAAGGoKgHCBMUFRYaIVUkbnVsbNMJCgsMDRBWJGNsYXNzV05TLmtleXNaTlMub2JqZWN0c4AHog4PgAKAA6IREoAEgAVccmVsYXRpdmVQYXRoWWFsaWFzRGF0YV8QMi4uL2JpYmxpby9BY2hhcnlhRXRBbDIwMDAtQ29uZ3Jlc3Npb25hbFNhbXBsZXMucGRm0gkXGBlXTlMuZGF0YYAGTxECIgAAAAACIgACAAAJUmlvbmRhNTAwAAAAAAAAAAAAAAAAAAAAAAAAycNi30grAAAAD3N1H0FjaGFyeWFFdEFsMjAwMC1Db25nciNGNzM3OC5wZGYAAAAAAAAAAAAAAAAAAAAAAAAAAAAAAAAAAAAAAAAAAAAPc3jJjYoCAAAAAAAAAAAAAQACAAAJIAAAAAAAAAAAAAAAAAAAAAZiaWJsaW8AEAAIAADJw5sfAAAAEQAIAADJjdBSAAAAAQAgAA9zdQAtpFQAD3NjAA9zXgAOyGMABausAAWrnwAAkeUAAgBgUmlvbmRhNTAwOlVzZXJzOnJpb25kYTpEb2N1bWVudHM6dW5pOnJlczpkYXRhYmFzZXM6YXBwcm94OmJpYmxpbzpBY2hhcnlhRXRBbDIwMDAtQ29uZ3IjRjczNzgucGRmAA4AUgAoAEEAYwBoAGEAcgB5AGEARQB0AEEAbAAyADAAMAAwAC0AQwBvAG4AZwByAGUAcwBzAGkAbwBuAGEAbABTAGEAbQBwAGwAZQBzAC4AcABkAGYADwAUAAkAUgBpAG8AbgBkAGEANQAwADAAEgBfVXNlcnMvcmlvbmRhL0RvY3VtZW50cy91bmkvcmVzL2RhdGFiYXNlcy9hcHByb3gvYmlibGlvL0FjaGFyeWFFdEFsMjAwMC1Db25ncmVzc2lvbmFsU2FtcGxlcy5wZGYAABMAAS8AABUAAgAN//8AANIbHB0eWiRjbGFzc25hbWVYJGNsYXNzZXNdTlNNdXRhYmxlRGF0YaMdHyBWTlNEYXRhWE5TT2JqZWN00hscIiNcTlNEaWN0aW9uYXJ5oiIgXxAPTlNLZXllZEFyY2hpdmVy0SYnVHJvb3SAAQAIABEAGgAjAC0AMgA3AEAARgBNAFQAXABnAGkAbABuAHAAcwB1AHcAhACOAMMAyADQANIC+AL9AwgDEQMfAyMDKgMzAzgDRQNIA1oDXQNiAAAAAAAAAgEAAAAAAAAAKAAAAAAAAAAAAAAAAAAAA2Q=},
	Bdsk-Url-1 = {http://doi.acm.org/10.1145/342009.335450}}

@inproceedings{GunopulosKTD00,
	Acmid = {335448},
	Address = {New York, NY, USA},
	Author = {Gunopulos, Dimitrios and Kollios, George and Tsotras, Vassilis J. and Domeniconi, Carlotta},
	Booktitle = {Proceedings of the 2000 ACM SIGMOD international conference on Management of data},
	Date-Added = {2011-04-13 11:00:10 -0400},
	Date-Modified = {2011-04-15 14:08:03 -0400},
	Doi = {http://doi.acm.org/10.1145/342009.335448},
	Isbn = {1-58113-217-4},
	Keywords = {aqp},
	Location = {Dallas, Texas, United States},
	Numpages = {12},
	Pages = {463--474},
	Publisher = {ACM},
	Series = {SIGMOD '00},
	Title = {Approximating multi-dimensional aggregate range queries over real attributes},
	Url = {http://doi.acm.org/10.1145/342009.335448},
	Year = {2000},
	Bdsk-File-1 = {YnBsaXN0MDDUAQIDBAUGJCVYJHZlcnNpb25YJG9iamVjdHNZJGFyY2hpdmVyVCR0b3ASAAGGoKgHCBMUFRYaIVUkbnVsbNMJCgsMDRBWJGNsYXNzV05TLmtleXNaTlMub2JqZWN0c4AHog4PgAKAA6IREoAEgAVccmVsYXRpdmVQYXRoWWFsaWFzRGF0YV8QPS4uL2JpYmxpby9HdW5vcHVsb3NFdEFsMjAwMC1BcHByb3hNdWx0RGltQWdnclFSZWFsQXR0cmlicy5wZGbSCRcYGVdOUy5kYXRhgAZPEQJCAAAAAAJCAAIAAAlSaW9uZGE1MDAAAAAAAAAAAAAAAAAAAAAAAADJw2LfSCsAAAAPc3UfR3Vub3B1bG9zRXRBbDIwMDAtQXBwI0Y3MzhBLnBkZgAAAAAAAAAAAAAAAAAAAAAAAAAAAAAAAAAAAAAAAAAAAA9zisnLMu4AAAAAAAAAAAABAAIAAAkgAAAAAAAAAAAAAAAAAAAABmJpYmxpbwAQAAgAAMnDmx8AAAARAAgAAMnLay4AAAABACAAD3N1AC2kVAAPc2MAD3NeAA7IYwAFq6wABaufAACR5QACAGBSaW9uZGE1MDA6VXNlcnM6cmlvbmRhOkRvY3VtZW50czp1bmk6cmVzOmRhdGFiYXNlczphcHByb3g6YmlibGlvOkd1bm9wdWxvc0V0QWwyMDAwLUFwcCNGNzM4QS5wZGYADgBoADMARwB1AG4AbwBwAHUAbABvAHMARQB0AEEAbAAyADAAMAAwAC0AQQBwAHAAcgBvAHgATQB1AGwAdABEAGkAbQBBAGcAZwByAFEAUgBlAGEAbABBAHQAdAByAGkAYgBzAC4AcABkAGYADwAUAAkAUgBpAG8AbgBkAGEANQAwADAAEgBqVXNlcnMvcmlvbmRhL0RvY3VtZW50cy91bmkvcmVzL2RhdGFiYXNlcy9hcHByb3gvYmlibGlvL0d1bm9wdWxvc0V0QWwyMDAwLUFwcHJveE11bHREaW1BZ2dyUVJlYWxBdHRyaWJzLnBkZgATAAEvAAAVAAIADf//AADSGxwdHlokY2xhc3NuYW1lWCRjbGFzc2VzXU5TTXV0YWJsZURhdGGjHR8gVk5TRGF0YVhOU09iamVjdNIbHCIjXE5TRGljdGlvbmFyeaIiIF8QD05TS2V5ZWRBcmNoaXZlctEmJ1Ryb290gAEACAARABoAIwAtADIANwBAAEYATQBUAFwAZwBpAGwAbgBwAHMAdQB3AIQAjgDOANMA2wDdAyMDKAMzAzwDSgNOA1UDXgNjA3ADcwOFA4gDjQAAAAAAAAIBAAAAAAAAACgAAAAAAAAAAAAAAAAAAAOP},
	Bdsk-Url-1 = {http://doi.acm.org/10.1145/342009.335448}}

@article{VrbskyL94,
	Author = {Vrbsky, Susan V. and Liu, Jane W.S.},
	Date-Added = {2011-04-12 15:50:23 -0400},
	Date-Modified = {2011-04-15 14:35:18 -0400},
	Doi = {DOI: 10.1016/0164-1212(94)90046-9},
	Issn = {0164-1212},
	Journal = {Journal of Systems and Software},
	Keywords = {aqp},
	Number = {3},
	Pages = {243--251},
	Title = {Producing approximate answers to set- and single-valued queries},
	Url = {http://www.sciencedirect.com/science/article/B6V0N-49W1K0G-9/2/a4063698cf9bbc4f0a68be2ab43955cb},
	Volume = {27},
	Year = {1994},
	Bdsk-Url-1 = {http://www.sciencedirect.com/science/article/B6V0N-49W1K0G-9/2/a4063698cf9bbc4f0a68be2ab43955cb},
	Bdsk-Url-2 = {http://dx.doi.org/10.1016/0164-1212(94)90046-9}}

@article{VapnikC71,
	Author = {Vapnik, Vladimir N. and Chervonenkis, Alexey J.},
	Date-Added = {2011-04-12 15:49:14 -0400},
	Date-Modified = {2011-04-27 10:42:59 -0400},
	Doi = {10.1137/1116025},
	Journal = {Theory of Probability and its Applications},
	Keywords = {vcdim},
	Number = 2,
	Pages = {264--280},
	Publisher = {SIAM},
	Title = {On the Uniform Convergence of Relative Frequencies of Events to Their Probabilities},
	Volume = 16,
	Year = 1971,
	Bdsk-File-1 = {YnBsaXN0MDDUAQIDBAUGJCVYJHZlcnNpb25YJG9iamVjdHNZJGFyY2hpdmVyVCR0b3ASAAGGoKgHCBMUFRYaIVUkbnVsbNMJCgsMDRBWJGNsYXNzV05TLmtleXNaTlMub2JqZWN0c4AHog4PgAKAA6IREoAEgAVccmVsYXRpdmVQYXRoWWFsaWFzRGF0YV8QNy4uL2JpYmxpby9WYXBuaWtDaGVydm9uZW5raXMxOTcxLVZDRGltT3JpZ2luYWxQYXBlci5wZGbSCRcYGVdOUy5kYXRhgAZPEQIwAAAAAAIwAAIAAAlSaW9uZGE1MDAAAAAAAAAAAAAAAAAAAAAAAADJw2LfSCsAAAAPc3UfVmFwbmlrQ2hlcnZvbmVua2lzMTk3I0Y3M0E1LnBkZgAAAAAAAAAAAAAAAAAAAAAAAAAAAAAAAAAAAAAAAAAAAA9zpcjSrpNQREYgQ0FSTwABAAIAAAkgAAAAAAAAAAAAAAAAAAAABmJpYmxpbwAQAAgAAMnDmx8AAAARAAgAAMjS5tMAAAABACAAD3N1AC2kVAAPc2MAD3NeAA7IYwAFq6wABaufAACR5QACAGBSaW9uZGE1MDA6VXNlcnM6cmlvbmRhOkRvY3VtZW50czp1bmk6cmVzOmRhdGFiYXNlczphcHByb3g6YmlibGlvOlZhcG5pa0NoZXJ2b25lbmtpczE5NyNGNzNBNS5wZGYADgBcAC0AVgBhAHAAbgBpAGsAQwBoAGUAcgB2AG8AbgBlAG4AawBpAHMAMQA5ADcAMQAtAFYAQwBEAGkAbQBPAHIAaQBnAGkAbgBhAGwAUABhAHAAZQByAC4AcABkAGYADwAUAAkAUgBpAG8AbgBkAGEANQAwADAAEgBkVXNlcnMvcmlvbmRhL0RvY3VtZW50cy91bmkvcmVzL2RhdGFiYXNlcy9hcHByb3gvYmlibGlvL1ZhcG5pa0NoZXJ2b25lbmtpczE5NzEtVkNEaW1PcmlnaW5hbFBhcGVyLnBkZgATAAEvAAAVAAIADf//AADSGxwdHlokY2xhc3NuYW1lWCRjbGFzc2VzXU5TTXV0YWJsZURhdGGjHR8gVk5TRGF0YVhOU09iamVjdNIbHCIjXE5TRGljdGlvbmFyeaIiIF8QD05TS2V5ZWRBcmNoaXZlctEmJ1Ryb290gAEACAARABoAIwAtADIANwBAAEYATQBUAFwAZwBpAGwAbgBwAHMAdQB3AIQAjgDIAM0A1QDXAwsDEAMbAyQDMgM2Az0DRgNLA1gDWwNtA3ADdQAAAAAAAAIBAAAAAAAAACgAAAAAAAAAAAAAAAAAAAN3},
	Bdsk-Url-1 = {http://dx.doi.org/10.1137/1116025}}

@inproceedings{RoschL10,
	Acmid = {1885911},
	Address = {Berlin, Heidelberg},
	Author = {R{\"{o}}sch, Philipp and Lehner, Wolfgang},
	Booktitle = {Proceedings of the 14th east European conference on Advances in databases and information systems},
	Date-Added = {2011-04-12 15:46:55 -0400},
	Date-Modified = {2011-04-15 14:33:42 -0400},
	Isbn = {3-642-15575-8, 978-3-642-15575-8},
	Keywords = {aqp},
	Location = {Novi Sad, Serbia},
	Numpages = {15},
	Pages = {490--504},
	Publisher = {Springer-Verlag},
	Series = {ADBIS'10},
	Title = {A Sample Advisor for Approximate Query Processing},
	Url = {http://portal.acm.org/citation.cfm?id=1885872.1885911},
	Year = {2010},
	Bdsk-File-1 = {YnBsaXN0MDDUAQIDBAUGJCVYJHZlcnNpb25YJG9iamVjdHNZJGFyY2hpdmVyVCR0b3ASAAGGoKgHCBMUFRYaIVUkbnVsbNMJCgsMDRBWJGNsYXNzV05TLmtleXNaTlMub2JqZWN0c4AHog4PgAKAA6IREoAEgAVccmVsYXRpdmVQYXRoWWFsaWFzRGF0YV8QLC4uL2JpYmxpby9Sb3NjaEV0QWwyMDExLVNhbXBsZUFkdmlzb3JBUVAucGRm0gkXGBlXTlMuZGF0YYAGTxECEAAAAAACEAACAAAJUmlvbmRhNTAwAAAAAAAAAAAAAAAAAAAAAAAAycNi30grAAAAD3N1H1Jvc2NoRXRBbDIwMTEtU2FtcGxlQSNGNzNBMy5wZGYAAAAAAAAAAAAAAAAAAAAAAAAAAAAAAAAAAAAAAAAAAAAPc6PJjaEGAAAAAAAAAAAAAQACAAAJIAAAAAAAAAAAAAAAAAAAAAZiaWJsaW8AEAAIAADJw5sfAAAAEQAIAADJjedWAAAAAQAgAA9zdQAtpFQAD3NjAA9zXgAOyGMABausAAWrnwAAkeUAAgBgUmlvbmRhNTAwOlVzZXJzOnJpb25kYTpEb2N1bWVudHM6dW5pOnJlczpkYXRhYmFzZXM6YXBwcm94OmJpYmxpbzpSb3NjaEV0QWwyMDExLVNhbXBsZUEjRjczQTMucGRmAA4ARgAiAFIAbwBzAGMAaABFAHQAQQBsADIAMAAxADEALQBTAGEAbQBwAGwAZQBBAGQAdgBpAHMAbwByAEEAUQBQAC4AcABkAGYADwAUAAkAUgBpAG8AbgBkAGEANQAwADAAEgBZVXNlcnMvcmlvbmRhL0RvY3VtZW50cy91bmkvcmVzL2RhdGFiYXNlcy9hcHByb3gvYmlibGlvL1Jvc2NoRXRBbDIwMTEtU2FtcGxlQWR2aXNvckFRUC5wZGYAABMAAS8AABUAAgAN//8AANIbHB0eWiRjbGFzc25hbWVYJGNsYXNzZXNdTlNNdXRhYmxlRGF0YaMdHyBWTlNEYXRhWE5TT2JqZWN00hscIiNcTlNEaWN0aW9uYXJ5oiIgXxAPTlNLZXllZEFyY2hpdmVy0SYnVHJvb3SAAQAIABEAGgAjAC0AMgA3AEAARgBNAFQAXABnAGkAbABuAHAAcwB1AHcAhACOAL0AwgDKAMwC4ALlAvAC+QMHAwsDEgMbAyADLQMwA0IDRQNKAAAAAAAAAgEAAAAAAAAAKAAAAAAAAAAAAAAAAAAAA0w=},
	Bdsk-Url-1 = {http://portal.acm.org/citation.cfm?id=1885872.1885911}}

@book{Matousek02,
	Address = {Secaucus, NJ, USA},
	Author = {Matou\v{s}ek, Ji\v{r}\'{i}},
	Date-Added = {2011-04-12 15:45:07 -0400},
	Date-Modified = {2011-08-01 18:59:40 -0400},
	Isbn = {0387953744},
	Keywords = {vcdim},
	Publisher = {Springer-Verlag},
	Title = {Lectures on Discrete Geometry},
	Year = {2002}}

@article{LiLS01,
	Author = {Li, Yi and Long, Philip M. and Srinivasan, Aravind},
	Date-Added = {2011-04-12 15:35:05 -0400},
	Date-Modified = {2011-04-27 10:33:55 -0400},
	Doi = {DOI: 10.1006/jcss.2000.1741},
	Issn = {0022-0000},
	Journal = {Journal of Computer and System Sciences},
	Keywords = {sample complexity; vcdim},
	Number = {3},
	Pages = {516--527},
	Title = {Improved Bounds on the Sample Complexity of Learning},
	Url = {http://www.sciencedirect.com/science/article/B6WJ0-45B65MX-H/2/3b0f2dd50a30dcee8b995d701959f15f},
	Volume = {62},
	Year = {2001},
	Bdsk-File-1 = {YnBsaXN0MDDUAQIDBAUGJCVYJHZlcnNpb25YJG9iamVjdHNZJGFyY2hpdmVyVCR0b3ASAAGGoKgHCBMUFRYaIVUkbnVsbNMJCgsMDRBWJGNsYXNzV05TLmtleXNaTlMub2JqZWN0c4AHog4PgAKAA6IREoAEgAVccmVsYXRpdmVQYXRoWWFsaWFzRGF0YV8QNy4uL2JpYmxpby9MaUV0QWwyMDAxLUltcHJvdmVkQm91bmRzU2FtcGxlQ29tcGxleGl0eS5wZGbSCRcYGVdOUy5kYXRhgAZPEQIwAAAAAAIwAAIAAAlSaW9uZGE1MDAAAAAAAAAAAAAAAAAAAAAAAADJw2LfSCsAAAAPc3UfTGlFdEFsMjAwMS1JbXByb3ZlZEJvI0Y3Mzk3LnBkZgAAAAAAAAAAAAAAAAAAAAAAAAAAAAAAAAAAAAAAAAAAAA9zl8mdC5NQREYgQ0FSTwABAAIAAAkgAAAAAAAAAAAAAAAAAAAABmJpYmxpbwAQAAgAAMnDmx8AAAARAAgAAMmdUeMAAAABACAAD3N1AC2kVAAPc2MAD3NeAA7IYwAFq6wABaufAACR5QACAGBSaW9uZGE1MDA6VXNlcnM6cmlvbmRhOkRvY3VtZW50czp1bmk6cmVzOmRhdGFiYXNlczphcHByb3g6YmlibGlvOkxpRXRBbDIwMDEtSW1wcm92ZWRCbyNGNzM5Ny5wZGYADgBcAC0ATABpAEUAdABBAGwAMgAwADAAMQAtAEkAbQBwAHIAbwB2AGUAZABCAG8AdQBuAGQAcwBTAGEAbQBwAGwAZQBDAG8AbQBwAGwAZQB4AGkAdAB5AC4AcABkAGYADwAUAAkAUgBpAG8AbgBkAGEANQAwADAAEgBkVXNlcnMvcmlvbmRhL0RvY3VtZW50cy91bmkvcmVzL2RhdGFiYXNlcy9hcHByb3gvYmlibGlvL0xpRXRBbDIwMDEtSW1wcm92ZWRCb3VuZHNTYW1wbGVDb21wbGV4aXR5LnBkZgATAAEvAAAVAAIADf//AADSGxwdHlokY2xhc3NuYW1lWCRjbGFzc2VzXU5TTXV0YWJsZURhdGGjHR8gVk5TRGF0YVhOU09iamVjdNIbHCIjXE5TRGljdGlvbmFyeaIiIF8QD05TS2V5ZWRBcmNoaXZlctEmJ1Ryb290gAEACAARABoAIwAtADIANwBAAEYATQBUAFwAZwBpAGwAbgBwAHMAdQB3AIQAjgDIAM0A1QDXAwsDEAMbAyQDMgM2Az0DRgNLA1gDWwNtA3ADdQAAAAAAAAIBAAAAAAAAACgAAAAAAAAAAAAAAAAAAAN3},
	Bdsk-Url-1 = {http://www.sciencedirect.com/science/article/B6WJ0-45B65MX-H/2/3b0f2dd50a30dcee8b995d701959f15f},
	Bdsk-Url-2 = {http://dx.doi.org/10.1006/jcss.2000.1741}}

@techreport{Haas96,
	Address = {San Jose, CA, USA},
	Author = {Haas, Peter J.},
	Date-Added = {2011-04-12 15:31:34 -0400},
	Date-Modified = {2011-04-15 14:08:15 -0400},
	Institution = {IBM Almaden Research Center},
	Keywords = {error guarantees, aqp, online aggregation},
	Number = {RJ 10040},
	Title = {Hoeffding Inequalities for Join-Selectivity Estimation and Online Aggregation},
	Year = {1996},
	Bdsk-File-1 = {YnBsaXN0MDDUAQIDBAUGJCVYJHZlcnNpb25YJG9iamVjdHNZJGFyY2hpdmVyVCR0b3ASAAGGoKgHCBMUFRYaIVUkbnVsbNMJCgsMDRBWJGNsYXNzV05TLmtleXNaTlMub2JqZWN0c4AHog4PgAKAA6IREoAEgAVccmVsYXRpdmVQYXRoWWFsaWFzRGF0YV8QMy4uL2JpYmxpby9IYWFzMTk5Ni1Ib2VlZmRpbmdJbmVxdWFsSm9pblNlbEVzdGltLnBkZtIJFxgZV05TLmRhdGGABk8RAiQAAAAAAiQAAgAACVJpb25kYTUwMAAAAAAAAAAAAAAAAAAAAAAAAMnDYt9IKwAAAA9zdR9IYWFzMTk5Ni1Ib2VlZmRpbmdJbmUjRjczOEIucGRmAAAAAAAAAAAAAAAAAAAAAAAAAAAAAAAAAAAAAAAAAAAAD3OLyXF6O1BERiBDQVJPAAEAAgAACSAAAAAAAAAAAAAAAAAAAAAGYmlibGlvABAACAAAycObHwAAABEACAAAyXHAiwAAAAEAIAAPc3UALaRUAA9zYwAPc14ADshjAAWrrAAFq58AAJHlAAIAYFJpb25kYTUwMDpVc2VyczpyaW9uZGE6RG9jdW1lbnRzOnVuaTpyZXM6ZGF0YWJhc2VzOmFwcHJveDpiaWJsaW86SGFhczE5OTYtSG9lZWZkaW5nSW5lI0Y3MzhCLnBkZgAOAFQAKQBIAGEAYQBzADEAOQA5ADYALQBIAG8AZQBlAGYAZABpAG4AZwBJAG4AZQBxAHUAYQBsAEoAbwBpAG4AUwBlAGwARQBzAHQAaQBtAC4AcABkAGYADwAUAAkAUgBpAG8AbgBkAGEANQAwADAAEgBgVXNlcnMvcmlvbmRhL0RvY3VtZW50cy91bmkvcmVzL2RhdGFiYXNlcy9hcHByb3gvYmlibGlvL0hhYXMxOTk2LUhvZWVmZGluZ0luZXF1YWxKb2luU2VsRXN0aW0ucGRmABMAAS8AABUAAgAN//8AANIbHB0eWiRjbGFzc25hbWVYJGNsYXNzZXNdTlNNdXRhYmxlRGF0YaMdHyBWTlNEYXRhWE5TT2JqZWN00hscIiNcTlNEaWN0aW9uYXJ5oiIgXxAPTlNLZXllZEFyY2hpdmVy0SYnVHJvb3SAAQAIABEAGgAjAC0AMgA3AEAARgBNAFQAXABnAGkAbABuAHAAcwB1AHcAhACOAMQAyQDRANMC+wMAAwsDFAMiAyYDLQM2AzsDSANLA10DYANlAAAAAAAAAgEAAAAAAAAAKAAAAAAAAAAAAAAAAAAAA2c=}}

@book{GarciaMolinaUW08,
	Address = {Upper Saddle River, NJ, USA},
	Author = {Garcia-Molina, Hector and Ullman, Jeffrey D. and Widom, Jennifer},
	Date-Added = {2011-04-12 15:29:00 -0400},
	Date-Modified = {2011-04-15 14:06:16 -0400},
	Edition = {second},
	Isbn = {9780131873254},
	Keywords = {principles of databases},
	Publisher = {Prentice Hall Press},
	Title = {Database Systems: The Complete Book},
	Year = {2008}}

@incollection{Das09,
	Author = {Das, Gautam},
	Booktitle = {Encyclopedia of Data Warehousing and Mining},
	Date-Added = {2011-04-12 15:21:08 -0400},
	Date-Modified = {2011-04-15 14:05:24 -0400},
	Edition = {second},
	Editor = {Wang, John},
	Keywords = {aqp, survey},
	Pages = {1702--1707},
	Publisher = {Information Science Publishing},
	Title = {Sampling Methods in Approximate Query Answering Systems},
	Year = {2009},
	Bdsk-File-1 = {YnBsaXN0MDDUAQIDBAUGJCVYJHZlcnNpb25YJG9iamVjdHNZJGFyY2hpdmVyVCR0b3ASAAGGoKgHCBMUFRYaIVUkbnVsbNMJCgsMDRBWJGNsYXNzV05TLmtleXNaTlMub2JqZWN0c4AHog4PgAKAA6IREoAEgAVccmVsYXRpdmVQYXRoWWFsaWFzRGF0YV8QNS4uL2JpYmxpby9EYXMyMDA5LVNhbXBsTWV0aGluQXBwcm94UXVlckFuc3dlclN5c3QucGRm0gkXGBlXTlMuZGF0YYAGTxECKgAAAAACKgACAAAJUmlvbmRhNTAwAAAAAAAAAAAAAAAAAAAAAAAAycNi30grAAAAD3N1H0RhczIwMDktU2FtcGxNZXRoaW5BcCNGNzM4My5wZGYAAAAAAAAAAAAAAAAAAAAAAAAAAAAAAAAAAAAAAAAAAAAPc4PJy2pTAAAAAAAAAAAAAQACAAAJIAAAAAAAAAAAAAAAAAAAAAZiaWJsaW8AEAAIAADJw5sfAAAAEQAIAADJy6KTAAAAAQAgAA9zdQAtpFQAD3NjAA9zXgAOyGMABausAAWrnwAAkeUAAgBgUmlvbmRhNTAwOlVzZXJzOnJpb25kYTpEb2N1bWVudHM6dW5pOnJlczpkYXRhYmFzZXM6YXBwcm94OmJpYmxpbzpEYXMyMDA5LVNhbXBsTWV0aGluQXAjRjczODMucGRmAA4AWAArAEQAYQBzADIAMAAwADkALQBTAGEAbQBwAGwATQBlAHQAaABpAG4AQQBwAHAAcgBvAHgAUQB1AGUAcgBBAG4AcwB3AGUAcgBTAHkAcwB0AC4AcABkAGYADwAUAAkAUgBpAG8AbgBkAGEANQAwADAAEgBiVXNlcnMvcmlvbmRhL0RvY3VtZW50cy91bmkvcmVzL2RhdGFiYXNlcy9hcHByb3gvYmlibGlvL0RhczIwMDktU2FtcGxNZXRoaW5BcHByb3hRdWVyQW5zd2VyU3lzdC5wZGYAEwABLwAAFQACAA3//wAA0hscHR5aJGNsYXNzbmFtZVgkY2xhc3Nlc11OU011dGFibGVEYXRhox0fIFZOU0RhdGFYTlNPYmplY3TSGxwiI1xOU0RpY3Rpb25hcnmiIiBfEA9OU0tleWVkQXJjaGl2ZXLRJidUcm9vdIABAAgAEQAaACMALQAyADcAQABGAE0AVABcAGcAaQBsAG4AcABzAHUAdwCEAI4AxgDLANMA1QMDAwgDEwMcAyoDLgM1Az4DQwNQA1MDZQNoA20AAAAAAAACAQAAAAAAAAAoAAAAAAAAAAAAAAAAAAADbw==}}

@article{BrutlagR02,
	Abstract = {To process queries efficiently in a relational database it is often of value to estimate the number of distinct values occurring in a particular field. In contexts where complete enumeration is costly, estimators based on a subsample are an attractive alternative. Though many such estimators have already been proposed, most are based on a simple random sampling of records which is wasteful in a database where records are retrieved in blocks. This article seeks to develop estimators that perform well in contexts where blocks of records are sampled randomly. Building on a result of Good's we derive six such estimators and evaluate their performance.},
	Author = {Brutlag, Jake D. and Richardson, Thomas S.},
	Copyright = {Copyright {\copyright} 2002 American Statistical Association, Institute of Mathematical Statistics and Interface Foundation of America},
	Date-Added = {2011-04-12 15:13:29 -0400},
	Date-Modified = {2011-04-13 10:29:54 -0400},
	Issn = {10618600},
	Journal = {Journal of Computational and Graphical Statistics},
	Jstor_Articletype = {research-article},
	Jstor_Formatteddate = {Jun., 2002},
	Keywords = {distinct values, block sampling},
	Language = {English},
	Number = {2},
	Pages = {389--404},
	Publisher = {American Statistical Association, Institute of Mathematical Statistics, and Interface Foundation of America},
	Title = {A Block Sampling Approach to Distinct Value Estimation},
	Url = {http://www.jstor.org/stable/1391058},
	Volume = {11},
	Year = {2002},
	Bdsk-File-1 = {YnBsaXN0MDDUAQIDBAUGJCVYJHZlcnNpb25YJG9iamVjdHNZJGFyY2hpdmVyVCR0b3ASAAGGoKgHCBMUFRYaIVUkbnVsbNMJCgsMDRBWJGNsYXNzV05TLmtleXNaTlMub2JqZWN0c4AHog4PgAKAA6IREoAEgAVccmVsYXRpdmVQYXRoWWFsaWFzRGF0YV8QOy4uL2JpYmxpby9CcnV0bGFnUmljaGFyZHNvbi1CbG9ja1NhbXBsaW5nRGlzdGluY3RWYWx1ZXMucGRm0gkXGBlXTlMuZGF0YYAGTxECPAAAAAACPAACAAAJUmlvbmRhNTAwAAAAAAAAAAAAAAAAAAAAAAAAycNi30grAAAAD3N1H0JydXRsYWdSaWNoYXJkc29uLUJsbyNGNzM3Qy5wZGYAAAAAAAAAAAAAAAAAAAAAAAAAAAAAAAAAAAAAAAAAAAAPc3zJyyp+AAAAAAAAAAAAAQACAAAJIAAAAAAAAAAAAAAAAAAAAAZiaWJsaW8AEAAIAADJw5sfAAAAEQAIAADJy2K+AAAAAQAgAA9zdQAtpFQAD3NjAA9zXgAOyGMABausAAWrnwAAkeUAAgBgUmlvbmRhNTAwOlVzZXJzOnJpb25kYTpEb2N1bWVudHM6dW5pOnJlczpkYXRhYmFzZXM6YXBwcm94OmJpYmxpbzpCcnV0bGFnUmljaGFyZHNvbi1CbG8jRjczN0MucGRmAA4AZAAxAEIAcgB1AHQAbABhAGcAUgBpAGMAaABhAHIAZABzAG8AbgAtAEIAbABvAGMAawBTAGEAbQBwAGwAaQBuAGcARABpAHMAdABpAG4AYwB0AFYAYQBsAHUAZQBzAC4AcABkAGYADwAUAAkAUgBpAG8AbgBkAGEANQAwADAAEgBoVXNlcnMvcmlvbmRhL0RvY3VtZW50cy91bmkvcmVzL2RhdGFiYXNlcy9hcHByb3gvYmlibGlvL0JydXRsYWdSaWNoYXJkc29uLUJsb2NrU2FtcGxpbmdEaXN0aW5jdFZhbHVlcy5wZGYAEwABLwAAFQACAA3//wAA0hscHR5aJGNsYXNzbmFtZVgkY2xhc3Nlc11OU011dGFibGVEYXRhox0fIFZOU0RhdGFYTlNPYmplY3TSGxwiI1xOU0RpY3Rpb25hcnmiIiBfEA9OU0tleWVkQXJjaGl2ZXLRJidUcm9vdIABAAgAEQAaACMALQAyADcAQABGAE0AVABcAGcAaQBsAG4AcABzAHUAdwCEAI4AzADRANkA2wMbAyADKwM0A0IDRgNNA1YDWwNoA2sDfQOAA4UAAAAAAAACAQAAAAAAAAAoAAAAAAAAAAAAAAAAAAADhw==},
	Bdsk-Url-1 = {http://www.jstor.org/stable/1391058}}

@article{VrbskyL93,
	Abstract = {APPROXIMATE, a query processor that makes approximate answers available if part of the database is unavailable, or if there is not enough time to produce an exact answer, is described. The processor implements approximate query processing, and the accuracy of the approximate result produced improves monotonically with the amount of data retrieved to produce the result. The monotone query processing algorithm of APPROXIMATE works within a standard relational algebra framework. APPROXIMATE maintains semantic information for approximate query processing at an underlying level, and can be implemented on a relational database system with little change to the relational architecture. It is shown how APPROXIMATE is implemented to make effective use of the semantic support. The additional overhead required by APPROXIMATE is described},
	Author = {Vrbsky, Susan V. and Liu, Jane W.S.},
	Date-Added = {2011-04-12 12:48:31 -0400},
	Date-Modified = {2011-04-15 14:35:06 -0400},
	Doi = {10.1109/69.250091},
	Issn = {1041-4347},
	Journal = {IEEE Transactions on Knowledge and Data Engineering},
	Keywords = {aqp, dbms},
	Month = dec,
	Number = {6},
	Pages = {1056--1068},
	Title = {{APPROXIMATE} -- a query processor that produces monotonically improving approximate answers},
	Volume = {5},
	Year = {1993},
	Bdsk-File-1 = {YnBsaXN0MDDUAQIDBAUGJCVYJHZlcnNpb25YJG9iamVjdHNZJGFyY2hpdmVyVCR0b3ASAAGGoKgHCBMUFRYaIVUkbnVsbNMJCgsMDRBWJGNsYXNzV05TLmtleXNaTlMub2JqZWN0c4AHog4PgAKAA6IREoAEgAVccmVsYXRpdmVQYXRoWWFsaWFzRGF0YV8QJC4uL2JpYmxpby9WcmJza3lMaTkzLUFwcHJveGltYXRlLnBkZtIJFxgZV05TLmRhdGGABk8RAfQAAAAAAfQAAgAACVJpb25kYTUwMAAAAAAAAAAAAAAAAAAAAAAAAMnDYt9IKwAAAA9zdRpWcmJza3lMaTkzLUFwcHJveGltYXRlLnBkZgAAAAAAAAAAAAAAAAAAAAAAAAAAAAAAAAAAAAAAAAAAAAAAAAAAD3Opycsx9wAAAAAAAAAAAAEAAgAACSAAAAAAAAAAAAAAAAAAAAAGYmlibGlvABAACAAAycObHwAAABEACAAAyctqNwAAAAEAIAAPc3UALaRUAA9zYwAPc14ADshjAAWrrAAFq58AAJHlAAIAW1Jpb25kYTUwMDpVc2VyczpyaW9uZGE6RG9jdW1lbnRzOnVuaTpyZXM6ZGF0YWJhc2VzOmFwcHJveDpiaWJsaW86VnJic2t5TGk5My1BcHByb3hpbWF0ZS5wZGYAAA4ANgAaAFYAcgBiAHMAawB5AEwAaQA5ADMALQBBAHAAcAByAG8AeABpAG0AYQB0AGUALgBwAGQAZgAPABQACQBSAGkAbwBuAGQAYQA1ADAAMAASAFFVc2Vycy9yaW9uZGEvRG9jdW1lbnRzL3VuaS9yZXMvZGF0YWJhc2VzL2FwcHJveC9iaWJsaW8vVnJic2t5TGk5My1BcHByb3hpbWF0ZS5wZGYAABMAAS8AABUAAgAN//8AANIbHB0eWiRjbGFzc25hbWVYJGNsYXNzZXNdTlNNdXRhYmxlRGF0YaMdHyBWTlNEYXRhWE5TT2JqZWN00hscIiNcTlNEaWN0aW9uYXJ5oiIgXxAPTlNLZXllZEFyY2hpdmVy0SYnVHJvb3SAAQAIABEAGgAjAC0AMgA3AEAARgBNAFQAXABnAGkAbABuAHAAcwB1AHcAhACOALUAugDCAMQCvALBAswC1QLjAucC7gL3AvwDCQMMAx4DIQMmAAAAAAAAAgEAAAAAAAAAKAAAAAAAAAAAAAAAAAAAAyg=},
	Bdsk-Url-1 = {http://ieeexplore.ieee.org/stamp/stamp.jsp?tp=&arnumber=250091},
	Bdsk-Url-2 = {http://dx.doi.org/10.1109/69.250091}}

@inproceedings{RoschGL08,
	Abstract = {Random sampling is one of the most widely used means to build synopses of large datasets because random samples can be used for a wide range of analytical tasks. Unfortunately, the quality of the estimates derived from a sample is negatively affected by the presence of {``outliers''} in the data. In this paper, we show how to circumvent this shortcoming by constructing outlier-aware sample synopses. Our approach extends the well-known outlier indexing scheme to multiple aggregation columns.},
	Author = {R{\"{o}}sch, Philipp and Gemulla, Rainer and Lehner, Wolfgang},
	Booktitle = {Proceedings of the 24th International Conference on Data Engineering},
	Date-Added = {2011-04-12 12:47:15 -0400},
	Date-Modified = {2011-04-28 13:44:08 -0400},
	Doi = {10.1109/ICDE.2008.4497569},
	Keywords = {synopses, outlier indexing},
	Month = {apr},
	Pages = {1400--1402},
	Series = {ICDE '08,},
	Title = {Designing Random Sample Synopses with Outliers},
	Year = {2008},
	Bdsk-File-1 = {YnBsaXN0MDDUAQIDBAUGJCVYJHZlcnNpb25YJG9iamVjdHNZJGFyY2hpdmVyVCR0b3ASAAGGoKgHCBMUFRYaIVUkbnVsbNMJCgsMDRBWJGNsYXNzV05TLmtleXNaTlMub2JqZWN0c4AHog4PgAKAA6IREoAEgAVccmVsYXRpdmVQYXRoWWFsaWFzRGF0YV8QOi4uL2JpYmxpby9Sb3NjaEV0QWwyMDA4LVJhbmRvbVNhbXBsZVN5bm9wc1dpdGhPdXRsaWVycy5wZGbSCRcYGVdOUy5kYXRhgAZPEQI6AAAAAAI6AAIAAAlSaW9uZGE1MDAAAAAAAAAAAAAAAAAAAAAAAADJw2LfSCsAAAAPc3UfUm9zY2hFdEFsMjAwOC1SYW5kb21TI0Y3M0ExLnBkZgAAAAAAAAAAAAAAAAAAAAAAAAAAAAAAAAAAAAAAAAAAAA9zocmNoHEAAAAAAAAAAAABAAIAAAkgAAAAAAAAAAAAAAAAAAAABmJpYmxpbwAQAAgAAMnDmx8AAAARAAgAAMmN5sEAAAABACAAD3N1AC2kVAAPc2MAD3NeAA7IYwAFq6wABaufAACR5QACAGBSaW9uZGE1MDA6VXNlcnM6cmlvbmRhOkRvY3VtZW50czp1bmk6cmVzOmRhdGFiYXNlczphcHByb3g6YmlibGlvOlJvc2NoRXRBbDIwMDgtUmFuZG9tUyNGNzNBMS5wZGYADgBiADAAUgBvAHMAYwBoAEUAdABBAGwAMgAwADAAOAAtAFIAYQBuAGQAbwBtAFMAYQBtAHAAbABlAFMAeQBuAG8AcABzAFcAaQB0AGgATwB1AHQAbABpAGUAcgBzAC4AcABkAGYADwAUAAkAUgBpAG8AbgBkAGEANQAwADAAEgBnVXNlcnMvcmlvbmRhL0RvY3VtZW50cy91bmkvcmVzL2RhdGFiYXNlcy9hcHByb3gvYmlibGlvL1Jvc2NoRXRBbDIwMDgtUmFuZG9tU2FtcGxlU3lub3BzV2l0aE91dGxpZXJzLnBkZgAAEwABLwAAFQACAA3//wAA0hscHR5aJGNsYXNzbmFtZVgkY2xhc3Nlc11OU011dGFibGVEYXRhox0fIFZOU0RhdGFYTlNPYmplY3TSGxwiI1xOU0RpY3Rpb25hcnmiIiBfEA9OU0tleWVkQXJjaGl2ZXLRJidUcm9vdIABAAgAEQAaACMALQAyADcAQABGAE0AVABcAGcAaQBsAG4AcABzAHUAdwCEAI4AywDQANgA2gMYAx0DKAMxAz8DQwNKA1MDWANlA2gDegN9A4IAAAAAAAACAQAAAAAAAAAoAAAAAAAAAAAAAAAAAAADhA==},
	Bdsk-Url-1 = {http://ieeexplore.ieee.org/stamp/stamp.jsp?tp=&arnumber=4497569},
	Bdsk-Url-2 = {http://dx.doi.org/10.1109/ICDE.2008.4497569}}

@inproceedings{PoosalaG99,
	Abstract = {Modern decision support systems require very quick (interactive) responses from the DBMS, but pose complex queries on large volumes of data. In this paper, we present a novel solution to this problem: we precompute concise histogram statistics on the data to answer the queries quickly but approximately. Our hypothesis is that many decision support applications can tolerate small errors in query results in return for large reductions in response times. In particular, we propose the use of multiple histograms to approximate the data cube and answer aggregate queries approximately using this summarized data. We enhance histograms to estimate the quality of the approximate answers. We primarily explore the interaction among various histograms on the data cube in order to minimize the space needed when an upper bound on the errors is given. Our main contribution in this paper is an efficient technique for selecting a provably near-optimal set of histograms on the data cube. Extensive experiments show that our technique results in very accurate and concise statistics. Our technique is general in nature and can also be used for selecting a set of histograms (or other statistics) on a relation for the purpose of selectivity estimation},
	Author = {Poosala, Viswanath and Ganti, Venkatesh},
	Booktitle = {Eleventh International Conference on Scientific and Statistical Database Management},
	Date-Added = {2011-04-12 12:46:50 -0400},
	Date-Modified = {2011-04-15 14:22:32 -0400},
	Doi = {10.1109/SSDM.1999.787618},
	Keywords = {data cube, aqp},
	Month = aug,
	Pages = {24--33},
	Title = {Fast approximate answers to aggregate queries on a data cube},
	Year = {1999},
	Bdsk-File-1 = {YnBsaXN0MDDUAQIDBAUGJCVYJHZlcnNpb25YJG9iamVjdHNZJGFyY2hpdmVyVCR0b3ASAAGGoKgHCBMUFRYaIVUkbnVsbNMJCgsMDRBWJGNsYXNzV05TLmtleXNaTlMub2JqZWN0c4AHog4PgAKAA6IREoAEgAVccmVsYXRpdmVQYXRoWWFsaWFzRGF0YV8QOy4uL2JpYmxpby9Qb29zYWxhR2FudGkxOTk5LUZhc3RBcHByb3hBbnNBZ2dRdWVyRGF0YUN1YmUucGRm0gkXGBlXTlMuZGF0YYAGTxECPAAAAAACPAACAAAJUmlvbmRhNTAwAAAAAAAAAAAAAAAAAAAAAAAAycNi30grAAAAD3N1H1Bvb3NhbGFHYW50aTE5OTktRmFzdCNGNzNBMC5wZGYAAAAAAAAAAAAAAAAAAAAAAAAAAAAAAAAAAAAAAAAAAAAPc6DJy1TvAAAAAAAAAAAAAQACAAAJIAAAAAAAAAAAAAAAAAAAAAZiaWJsaW8AEAAIAADJw5sfAAAAEQAIAADJy40vAAAAAQAgAA9zdQAtpFQAD3NjAA9zXgAOyGMABausAAWrnwAAkeUAAgBgUmlvbmRhNTAwOlVzZXJzOnJpb25kYTpEb2N1bWVudHM6dW5pOnJlczpkYXRhYmFzZXM6YXBwcm94OmJpYmxpbzpQb29zYWxhR2FudGkxOTk5LUZhc3QjRjczQTAucGRmAA4AZAAxAFAAbwBvAHMAYQBsAGEARwBhAG4AdABpADEAOQA5ADkALQBGAGEAcwB0AEEAcABwAHIAbwB4AEEAbgBzAEEAZwBnAFEAdQBlAHIARABhAHQAYQBDAHUAYgBlAC4AcABkAGYADwAUAAkAUgBpAG8AbgBkAGEANQAwADAAEgBoVXNlcnMvcmlvbmRhL0RvY3VtZW50cy91bmkvcmVzL2RhdGFiYXNlcy9hcHByb3gvYmlibGlvL1Bvb3NhbGFHYW50aTE5OTktRmFzdEFwcHJveEFuc0FnZ1F1ZXJEYXRhQ3ViZS5wZGYAEwABLwAAFQACAA3//wAA0hscHR5aJGNsYXNzbmFtZVgkY2xhc3Nlc11OU011dGFibGVEYXRhox0fIFZOU0RhdGFYTlNPYmplY3TSGxwiI1xOU0RpY3Rpb25hcnmiIiBfEA9OU0tleWVkQXJjaGl2ZXLRJidUcm9vdIABAAgAEQAaACMALQAyADcAQABGAE0AVABcAGcAaQBsAG4AcABzAHUAdwCEAI4AzADRANkA2wMbAyADKwM0A0IDRgNNA1YDWwNoA2sDfQOAA4UAAAAAAAACAQAAAAAAAAAoAAAAAAAAAAAAAAAAAAADhw==},
	Bdsk-Url-1 = {http://ieeexplore.ieee.org/stamp/stamp.jsp?tp=&arnumber=787618},
	Bdsk-Url-2 = {http://dx.doi.org/10.1109/SSDM.1999.787618}}

@article{PavlovMS03,
	Abstract = { We investigate the problem of generating fast approximate answers to queries posed to large sparse binary data sets. We focus in particular on probabilistic model-based approaches to this problem and develop a number of techniques that are significantly more accurate than a baseline independence model. In particular, we introduce two techniques for building probabilistic models from frequent itemsets: the itemset maximum entropy model and the itemset inclusion-exclusion model. In the maximum entropy model, we treat itemsets as constraints on the distribution of the query variables and use the maximum entropy principle to build a joint probability model for the query attributes online. In the inclusion-exclusion model, itemsets and their frequencies are stored in a data structure, called an ADtree, that supports an efficient implementation of the inclusion-exclusion principle in order to answer the query. We empirically compare these two itemset-based models to direct querying of the original data, querying of samples of the original data, as well as other probabilistic models such as the independence model, the Chow-Liu tree model, and the Bernoulli mixture model. These models are able to handle high-dimensionality (hundreds or thousands of attributes), whereas most other work on this topic has focused on relatively low-dimensional OLAP problems. Experimental results on both simulated and real-world transaction data sets illustrate various fundamental trade offs between approximation error, model complexity, and the online time required to compute a query answer.},
	Author = {Pavlov, Dmitry N. and Mannila, Heikki and Smyth, Padhraic},
	Date-Added = {2011-04-12 12:46:09 -0400},
	Date-Modified = {2011-04-15 14:44:33 -0400},
	Doi = {10.1109/TKDE.2003.1245281},
	Issn = {1041-4347},
	Journal = {IEEE Transactions on Knowledge and Data Engineering},
	Keywords = {frequent itemsets; entropy, aqp, tree data structures},
	Month = {nov.-dec.},
	Number = {6},
	Pages = {1409--1421},
	Title = {Beyond independence: probabilistic models for query approximation on binary transaction data},
	Volume = {15},
	Year = {2003},
	Bdsk-File-1 = {YnBsaXN0MDDUAQIDBAUGJCVYJHZlcnNpb25YJG9iamVjdHNZJGFyY2hpdmVyVCR0b3ASAAGGoKgHCBMUFRYaIVUkbnVsbNMJCgsMDRBWJGNsYXNzV05TLmtleXNaTlMub2JqZWN0c4AHog4PgAKAA6IREoAEgAVccmVsYXRpdmVQYXRoWWFsaWFzRGF0YV8QPy4uL2JpYmxpby9QYXZsb3ZFdEFsMjAwMy1CZXlvbkluZGVwZW5kc1Byb2JNb2RBUVBCaW5hcnlEYXRhLnBkZtIJFxgZV05TLmRhdGGABk8RAkgAAAAAAkgAAgAACVJpb25kYTUwMAAAAAAAAAAAAAAAAAAAAAAAAMnDYt9IKwAAAA9zdR9QYXZsb3ZFdEFsMjAwMy1CZXlvbkkjRjczOUYucGRmAAAAAAAAAAAAAAAAAAAAAAAAAAAAAAAAAAAAAAAAAAAAD3Ofycsz2gAAAAAAAAAAAAEAAgAACSAAAAAAAAAAAAAAAAAAAAAGYmlibGlvABAACAAAycObHwAAABEACAAAyctsGgAAAAEAIAAPc3UALaRUAA9zYwAPc14ADshjAAWrrAAFq58AAJHlAAIAYFJpb25kYTUwMDpVc2VyczpyaW9uZGE6RG9jdW1lbnRzOnVuaTpyZXM6ZGF0YWJhc2VzOmFwcHJveDpiaWJsaW86UGF2bG92RXRBbDIwMDMtQmV5b25JI0Y3MzlGLnBkZgAOAGwANQBQAGEAdgBsAG8AdgBFAHQAQQBsADIAMAAwADMALQBCAGUAeQBvAG4ASQBuAGQAZQBwAGUAbgBkAHMAUAByAG8AYgBNAG8AZABBAFEAUABCAGkAbgBhAHIAeQBEAGEAdABhAC4AcABkAGYADwAUAAkAUgBpAG8AbgBkAGEANQAwADAAEgBsVXNlcnMvcmlvbmRhL0RvY3VtZW50cy91bmkvcmVzL2RhdGFiYXNlcy9hcHByb3gvYmlibGlvL1BhdmxvdkV0QWwyMDAzLUJleW9uSW5kZXBlbmRzUHJvYk1vZEFRUEJpbmFyeURhdGEucGRmABMAAS8AABUAAgAN//8AANIbHB0eWiRjbGFzc25hbWVYJGNsYXNzZXNdTlNNdXRhYmxlRGF0YaMdHyBWTlNEYXRhWE5TT2JqZWN00hscIiNcTlNEaWN0aW9uYXJ5oiIgXxAPTlNLZXllZEFyY2hpdmVy0SYnVHJvb3SAAQAIABEAGgAjAC0AMgA3AEAARgBNAFQAXABnAGkAbABuAHAAcwB1AHcAhACOANAA1QDdAN8DKwMwAzsDRANSA1YDXQNmA2sDeAN7A40DkAOVAAAAAAAAAgEAAAAAAAAAKAAAAAAAAAAAAAAAAAAAA5c=},
	Bdsk-Url-1 = {http://ieeexplore.ieee.org/stamp/stamp.jsp?tp=&arnumber=1245281},
	Bdsk-Url-2 = {http://dx.doi.org/10.1109/TKDE.2003.1245281}}

@inproceedings{MannilaS00,
	Abstract = {
First Page of the Article
￼},
	Author = {Mannila, Heikki and Smyth, Padhraic},
	Booktitle = {Proceedings of the 16th International Conference on Data Engineering},
	Date-Added = {2011-04-12 12:45:26 -0400},
	Date-Modified = {2011-04-15 14:20:34 -0400},
	Doi = {10.1109/ICDE.2000.839426},
	Issn = {1063-6382},
	Keywords = {entropy, frequent itemsets, aqp},
	Pages = {309},
	Series = {ICDE '00},
	Title = {Approximate Query Answering with Frequent Sets and Maximum Entropy},
	Year = {2000},
	Bdsk-File-1 = {YnBsaXN0MDDUAQIDBAUGJCVYJHZlcnNpb25YJG9iamVjdHNZJGFyY2hpdmVyVCR0b3ASAAGGoKgHCBMUFRYaIVUkbnVsbNMJCgsMDRBWJGNsYXNzV05TLmtleXNaTlMub2JqZWN0c4AHog4PgAKAA6IREoAEgAVccmVsYXRpdmVQYXRoWWFsaWFzRGF0YV8QNi4uL2JpYmxpby9NYW5uaWxhU215dGgtQVFQd2l0aEZyZXFTZXRhbmRNYXhFbnRyb3B5LnBkZtIJFxgZV05TLmRhdGGABk8RAi4AAAAAAi4AAgAACVJpb25kYTUwMAAAAAAAAAAAAAAAAAAAAAAAAMnDYt9IKwAAAA9zdR9NYW5uaWxhU215dGgtQVFQd2l0aEYjRjczOUIucGRmAAAAAAAAAAAAAAAAAAAAAAAAAAAAAAAAAAAAAAAAAAAAD3ObycssSwAAAAAAAAAAAAEAAgAACSAAAAAAAAAAAAAAAAAAAAAGYmlibGlvABAACAAAycObHwAAABEACAAAyctkiwAAAAEAIAAPc3UALaRUAA9zYwAPc14ADshjAAWrrAAFq58AAJHlAAIAYFJpb25kYTUwMDpVc2VyczpyaW9uZGE6RG9jdW1lbnRzOnVuaTpyZXM6ZGF0YWJhc2VzOmFwcHJveDpiaWJsaW86TWFubmlsYVNteXRoLUFRUHdpdGhGI0Y3MzlCLnBkZgAOAFoALABNAGEAbgBuAGkAbABhAFMAbQB5AHQAaAAtAEEAUQBQAHcAaQB0AGgARgByAGUAcQBTAGUAdABhAG4AZABNAGEAeABFAG4AdAByAG8AcAB5AC4AcABkAGYADwAUAAkAUgBpAG8AbgBkAGEANQAwADAAEgBjVXNlcnMvcmlvbmRhL0RvY3VtZW50cy91bmkvcmVzL2RhdGFiYXNlcy9hcHByb3gvYmlibGlvL01hbm5pbGFTbXl0aC1BUVB3aXRoRnJlcVNldGFuZE1heEVudHJvcHkucGRmAAATAAEvAAAVAAIADf//AADSGxwdHlokY2xhc3NuYW1lWCRjbGFzc2VzXU5TTXV0YWJsZURhdGGjHR8gVk5TRGF0YVhOU09iamVjdNIbHCIjXE5TRGljdGlvbmFyeaIiIF8QD05TS2V5ZWRBcmNoaXZlctEmJ1Ryb290gAEACAARABoAIwAtADIANwBAAEYATQBUAFwAZwBpAGwAbgBwAHMAdQB3AIQAjgDHAMwA1ADWAwgDDQMYAyEDLwMzAzoDQwNIA1UDWANqA20DcgAAAAAAAAIBAAAAAAAAACgAAAAAAAAAAAAAAAAAAAN0},
	Bdsk-Url-1 = {http://ieeexplore.ieee.org/stamp/stamp.jsp?tp=&arnumber=839426},
	Bdsk-Url-2 = {http://dx.doi.org/10.1109/ICDE.2000.839426}}

@inproceedings{JinGJA06,
	Abstract = { One important way in which sampling for approximate query processing in a database environment differs from traditional applications of sampling is that in a database, it is feasible to collect accurate summary statistics from the data in addition to the sample. This paper describes a set of sampling-based estimators for approximate query processing that make use of simple summary statistics to to greatly increase the accuracy of sampling-based estimators. Our estimators are able to give tight probabilistic guarantees on estimation accuracy. They are suitable for low or high dimensional data, and work with categorical or numerical attributes. Furthermore, the information used by our estimators can easily be gathered in a single pass, making them suitable for use in a streaming environment.},
	Author = {Jin, Ruoming and Glimcher, Leo and Jermaine, Chris and Agrawal, Gagan},
	Booktitle = {Proceedings of the 22nd International Conference on Data Engineering},
	Date-Added = {2011-04-12 12:43:49 -0400},
	Date-Modified = {2011-04-29 10:44:57 -0400},
	Doi = {10.1109/ICDE.2006.106},
	Keywords = {online aggregation,},
	Month = {apr},
	Pages = {18},
	Series = {ICDE '06},
	Title = {New Sampling-Based Estimators for {OLAP} Queries},
	Year = {2006},
	Bdsk-File-1 = {YnBsaXN0MDDUAQIDBAUGJCVYJHZlcnNpb25YJG9iamVjdHNZJGFyY2hpdmVyVCR0b3ASAAGGoKgHCBMUFRYaIVUkbnVsbNMJCgsMDRBWJGNsYXNzV05TLmtleXNaTlMub2JqZWN0c4AHog4PgAKAA6IREoAEgAVccmVsYXRpdmVQYXRoWWFsaWFzRGF0YV8QNS4uL2JpYmxpby9KaW5FdEFsMjAwNi1OZXdTYW1wbEJhc2VkRXN0Rm9yT0xBUFF1ZXIucGRm0gkXGBlXTlMuZGF0YYAGTxECKgAAAAACKgACAAAJUmlvbmRhNTAwAAAAAAAAAAAAAAAAAAAAAAAAycNi30grAAAAD3N1H0ppbkV0QWwyMDA2LU5ld1NhbXBsQiNGNzM5My5wZGYAAAAAAAAAAAAAAAAAAAAAAAAAAAAAAAAAAAAAAAAAAAAPc5PJy1gTAAAAAAAAAAAAAQACAAAJIAAAAAAAAAAAAAAAAAAAAAZiaWJsaW8AEAAIAADJw5sfAAAAEQAIAADJy5BTAAAAAQAgAA9zdQAtpFQAD3NjAA9zXgAOyGMABausAAWrnwAAkeUAAgBgUmlvbmRhNTAwOlVzZXJzOnJpb25kYTpEb2N1bWVudHM6dW5pOnJlczpkYXRhYmFzZXM6YXBwcm94OmJpYmxpbzpKaW5FdEFsMjAwNi1OZXdTYW1wbEIjRjczOTMucGRmAA4AWAArAEoAaQBuAEUAdABBAGwAMgAwADAANgAtAE4AZQB3AFMAYQBtAHAAbABCAGEAcwBlAGQARQBzAHQARgBvAHIATwBMAEEAUABRAHUAZQByAC4AcABkAGYADwAUAAkAUgBpAG8AbgBkAGEANQAwADAAEgBiVXNlcnMvcmlvbmRhL0RvY3VtZW50cy91bmkvcmVzL2RhdGFiYXNlcy9hcHByb3gvYmlibGlvL0ppbkV0QWwyMDA2LU5ld1NhbXBsQmFzZWRFc3RGb3JPTEFQUXVlci5wZGYAEwABLwAAFQACAA3//wAA0hscHR5aJGNsYXNzbmFtZVgkY2xhc3Nlc11OU011dGFibGVEYXRhox0fIFZOU0RhdGFYTlNPYmplY3TSGxwiI1xOU0RpY3Rpb25hcnmiIiBfEA9OU0tleWVkQXJjaGl2ZXLRJidUcm9vdIABAAgAEQAaACMALQAyADcAQABGAE0AVABcAGcAaQBsAG4AcABzAHUAdwCEAI4AxgDLANMA1QMDAwgDEwMcAyoDLgM1Az4DQwNQA1MDZQNoA20AAAAAAAACAQAAAAAAAAAoAAAAAAAAAAAAAAAAAAADbw==},
	Bdsk-Url-1 = {http://ieeexplore.ieee.org/stamp/stamp.jsp?tp=&arnumber=1617386},
	Bdsk-Url-2 = {http://dx.doi.org/10.1109/ICDE.2006.106}}

@inproceedings{Haas97,
	Abstract = {The online aggregation system recently proposed by J.M. Hellerstein, et al. (1997) permits interactive exploration of large, complex datasets stored in relational database management systems. Running confidence intervals are an important component of an online aggregation system and indicate to the user the estimated proximity of each running aggregate to the corresponding final result. Large sample confidence intervals contain the final result with a prespecified probability and rest on central limit theorems, while deterministic confidence intervals contain the final query result with probability 1. We show how new and existing central limit theorems, simple bounding arguments, and the delta method can be used to derive formulas for both large sample and deterministic confidence intervals. To illustrate these techniques, we obtain formulas for running confidence intervals in the case of single table and multi table AVG, COUNT, SUM, VARIANCE, and STDEV queries with join and selection predicates. Duplicate elimination and GROUP-BY operations are also considered. We then provide numerically stable algorithms for computing the confidence intervals and analyzing the complexity of these algorithms},
	Author = {Haas, Peter J.},
	Booktitle = {Proceedings of the Ninth International Conference on Scientific and Statistical Database Management},
	Date-Added = {2011-04-12 12:43:05 -0400},
	Date-Modified = {2011-04-15 14:09:09 -0400},
	Doi = {10.1109/SSDM.1997.621151},
	Keywords = {group by, error guarantees, online aggregation},
	Month = aug,
	Pages = {51--62},
	Title = {Large-sample and deterministic confidence intervals for online aggregation},
	Year = {1997},
	Bdsk-File-1 = {YnBsaXN0MDDUAQIDBAUGJCVYJHZlcnNpb25YJG9iamVjdHNZJGFyY2hpdmVyVCR0b3ASAAGGoKgHCBMUFRYaIVUkbnVsbNMJCgsMDRBWJGNsYXNzV05TLmtleXNaTlMub2JqZWN0c4AHog4PgAKAA6IREoAEgAVccmVsYXRpdmVQYXRoWWFsaWFzRGF0YV8QQC4uL2JpYmxpby9IYWFzMTk5Ny1MYXJnZVNhbXBsZUFuZERldGVybUNvbmZJbnRlck9ubGluZUFnZ3JlZy5wZGbSCRcYGVdOUy5kYXRhgAZPEQJMAAAAAAJMAAIAAAlSaW9uZGE1MDAAAAAAAAAAAAAAAAAAAAAAAADJw2LfSCsAAAAPc3UfSGFhczE5OTctTGFyZ2VTYW1wbGVBI0Y3MzhDLnBkZgAAAAAAAAAAAAAAAAAAAAAAAAAAAAAAAAAAAAAAAAAAAA9zjMnLV6YAAAAAAAAAAAABAAIAAAkgAAAAAAAAAAAAAAAAAAAABmJpYmxpbwAQAAgAAMnDmx8AAAARAAgAAMnLj+YAAAABACAAD3N1AC2kVAAPc2MAD3NeAA7IYwAFq6wABaufAACR5QACAGBSaW9uZGE1MDA6VXNlcnM6cmlvbmRhOkRvY3VtZW50czp1bmk6cmVzOmRhdGFiYXNlczphcHByb3g6YmlibGlvOkhhYXMxOTk3LUxhcmdlU2FtcGxlQSNGNzM4Qy5wZGYADgBuADYASABhAGEAcwAxADkAOQA3AC0ATABhAHIAZwBlAFMAYQBtAHAAbABlAEEAbgBkAEQAZQB0AGUAcgBtAEMAbwBuAGYASQBuAHQAZQByAE8AbgBsAGkAbgBlAEEAZwBnAHIAZQBnAC4AcABkAGYADwAUAAkAUgBpAG8AbgBkAGEANQAwADAAEgBtVXNlcnMvcmlvbmRhL0RvY3VtZW50cy91bmkvcmVzL2RhdGFiYXNlcy9hcHByb3gvYmlibGlvL0hhYXMxOTk3LUxhcmdlU2FtcGxlQW5kRGV0ZXJtQ29uZkludGVyT25saW5lQWdncmVnLnBkZgAAEwABLwAAFQACAA3//wAA0hscHR5aJGNsYXNzbmFtZVgkY2xhc3Nlc11OU011dGFibGVEYXRhox0fIFZOU0RhdGFYTlNPYmplY3TSGxwiI1xOU0RpY3Rpb25hcnmiIiBfEA9OU0tleWVkQXJjaGl2ZXLRJidUcm9vdIABAAgAEQAaACMALQAyADcAQABGAE0AVABcAGcAaQBsAG4AcABzAHUAdwCEAI4A0QDWAN4A4AMwAzUDQANJA1cDWwNiA2sDcAN9A4ADkgOVA5oAAAAAAAACAQAAAAAAAAAoAAAAAAAAAAAAAAAAAAADnA==},
	Bdsk-Url-1 = {http://ieeexplore.ieee.org/stamp/stamp.jsp?tp=&arnumber=621151},
	Bdsk-Url-2 = {http://dx.doi.org/10.1109/SSDM.1997.621151}}

@article{XuJD08,
	Acmid = {1386122},
	Address = {New York, NY, USA},
	Articleno = {16},
	Author = {Xu, Fei and Jermaine, Christopher and Dobra, Alin},
	Date-Added = {2011-04-12 12:37:29 -0400},
	Date-Modified = {2011-04-15 14:36:12 -0400},
	Doi = {http://doi.acm.org/10.1145/1386118.1386122},
	Issn = {0362-5915},
	Issue = {3},
	Journal = {ACM Trans. Database Syst.},
	Keywords = {aqp, error guarantees, group by},
	Month = {September},
	Number = {3},
	Numpages = {44},
	Pages = {16:1--16:44},
	Publisher = {ACM},
	Title = {Confidence bounds for sampling-based {GROUP BY} estimates},
	Url = {http://doi.acm.org/10.1145/1386118.1386122},
	Volume = {33},
	Year = {2008},
	Bdsk-File-1 = {YnBsaXN0MDDUAQIDBAUGJCVYJHZlcnNpb25YJG9iamVjdHNZJGFyY2hpdmVyVCR0b3ASAAGGoKgHCBMUFRYaIVUkbnVsbNMJCgsMDRBWJGNsYXNzV05TLmtleXNaTlMub2JqZWN0c4AHog4PgAKAA6IREoAEgAVccmVsYXRpdmVQYXRoWWFsaWFzRGF0YV8QLS4uL2JpYmxpby9YdUV0QWwwOC1Db25mQm91bmRzU2FtcGxHcm91cEJ5LnBkZtIJFxgZV05TLmRhdGGABk8RAhIAAAAAAhIAAgAACVJpb25kYTUwMAAAAAAAAAAAAAAAAAAAAAAAAMnDYt9IKwAAAA9zdR9YdUV0QWwwOC1Db25mQm91bmRzU2EjRjczQUIucGRmAAAAAAAAAAAAAAAAAAAAAAAAAAAAAAAAAAAAAAAAAAAAD3Orycs4JgAAAAAAAAAAAAEAAgAACSAAAAAAAAAAAAAAAAAAAAAGYmlibGlvABAACAAAycObHwAAABEACAAAyctwZgAAAAEAIAAPc3UALaRUAA9zYwAPc14ADshjAAWrrAAFq58AAJHlAAIAYFJpb25kYTUwMDpVc2VyczpyaW9uZGE6RG9jdW1lbnRzOnVuaTpyZXM6ZGF0YWJhc2VzOmFwcHJveDpiaWJsaW86WHVFdEFsMDgtQ29uZkJvdW5kc1NhI0Y3M0FCLnBkZgAOAEgAIwBYAHUARQB0AEEAbAAwADgALQBDAG8AbgBmAEIAbwB1AG4AZABzAFMAYQBtAHAAbABHAHIAbwB1AHAAQgB5AC4AcABkAGYADwAUAAkAUgBpAG8AbgBkAGEANQAwADAAEgBaVXNlcnMvcmlvbmRhL0RvY3VtZW50cy91bmkvcmVzL2RhdGFiYXNlcy9hcHByb3gvYmlibGlvL1h1RXRBbDA4LUNvbmZCb3VuZHNTYW1wbEdyb3VwQnkucGRmABMAAS8AABUAAgAN//8AANIbHB0eWiRjbGFzc25hbWVYJGNsYXNzZXNdTlNNdXRhYmxlRGF0YaMdHyBWTlNEYXRhWE5TT2JqZWN00hscIiNcTlNEaWN0aW9uYXJ5oiIgXxAPTlNLZXllZEFyY2hpdmVy0SYnVHJvb3SAAQAIABEAGgAjAC0AMgA3AEAARgBNAFQAXABnAGkAbABuAHAAcwB1AHcAhACOAL4AwwDLAM0C4wLoAvMC/AMKAw4DFQMeAyMDMAMzA0UDSANNAAAAAAAAAgEAAAAAAAAAKAAAAAAAAAAAAAAAAAAAA08=},
	Bdsk-Url-1 = {http://doi.acm.org/10.1145/1386118.1386122}}

@inproceedings{VitterW99,
	Acmid = {304199},
	Address = {New York, NY, USA},
	Author = {Vitter, Jeffrey Scott and Wang, Min},
	Booktitle = {Proceedings of the 1999 ACM SIGMOD international conference on Management of data},
	Date-Added = {2011-04-12 12:36:41 -0400},
	Date-Modified = {2011-04-15 14:34:03 -0400},
	Doi = {http://doi.acm.org/10.1145/304182.304199},
	Isbn = {1-58113-084-8},
	Keywords = {wavelets, aqp, aggregate queries},
	Location = {Philadelphia, Pennsylvania, United States},
	Numpages = {12},
	Pages = {193--204},
	Publisher = {ACM},
	Series = {SIGMOD '99},
	Title = {Approximate Computation of Multidimensional Aggregates of Sparse Data Using Wavelets},
	Url = {http://doi.acm.org/10.1145/304182.304199},
	Year = {1999},
	Bdsk-File-1 = {YnBsaXN0MDDUAQIDBAUGJCVYJHZlcnNpb25YJG9iamVjdHNZJGFyY2hpdmVyVCR0b3ASAAGGoKgHCBMUFRYaIVUkbnVsbNMJCgsMDRBWJGNsYXNzV05TLmtleXNaTlMub2JqZWN0c4AHog4PgAKAA6IREoAEgAVccmVsYXRpdmVQYXRoWWFsaWFzRGF0YV8QNy4uL2JpYmxpby9WaXR0ZXJXYW5nLUFwcHJveENvbXBNdWx0aWRpbUFnZ3JXYXZlbGV0cy5wZGbSCRcYGVdOUy5kYXRhgAZPEQIwAAAAAAIwAAIAAAlSaW9uZGE1MDAAAAAAAAAAAAAAAAAAAAAAAADJw2LfSCsAAAAPc3UfVml0dGVyV2FuZy1BcHByb3hDb21wI0Y3M0E3LnBkZgAAAAAAAAAAAAAAAAAAAAAAAAAAAAAAAAAAAAAAAAAAAA9zp8nLKxkAAAAAAAAAAAABAAIAAAkgAAAAAAAAAAAAAAAAAAAABmJpYmxpbwAQAAgAAMnDmx8AAAARAAgAAMnLY1kAAAABACAAD3N1AC2kVAAPc2MAD3NeAA7IYwAFq6wABaufAACR5QACAGBSaW9uZGE1MDA6VXNlcnM6cmlvbmRhOkRvY3VtZW50czp1bmk6cmVzOmRhdGFiYXNlczphcHByb3g6YmlibGlvOlZpdHRlcldhbmctQXBwcm94Q29tcCNGNzNBNy5wZGYADgBcAC0AVgBpAHQAdABlAHIAVwBhAG4AZwAtAEEAcABwAHIAbwB4AEMAbwBtAHAATQB1AGwAdABpAGQAaQBtAEEAZwBnAHIAVwBhAHYAZQBsAGUAdABzAC4AcABkAGYADwAUAAkAUgBpAG8AbgBkAGEANQAwADAAEgBkVXNlcnMvcmlvbmRhL0RvY3VtZW50cy91bmkvcmVzL2RhdGFiYXNlcy9hcHByb3gvYmlibGlvL1ZpdHRlcldhbmctQXBwcm94Q29tcE11bHRpZGltQWdncldhdmVsZXRzLnBkZgATAAEvAAAVAAIADf//AADSGxwdHlokY2xhc3NuYW1lWCRjbGFzc2VzXU5TTXV0YWJsZURhdGGjHR8gVk5TRGF0YVhOU09iamVjdNIbHCIjXE5TRGljdGlvbmFyeaIiIF8QD05TS2V5ZWRBcmNoaXZlctEmJ1Ryb290gAEACAARABoAIwAtADIANwBAAEYATQBUAFwAZwBpAGwAbgBwAHMAdQB3AIQAjgDIAM0A1QDXAwsDEAMbAyQDMgM2Az0DRgNLA1gDWwNtA3ADdQAAAAAAAAIBAAAAAAAAACgAAAAAAAAAAAAAAAAAAAN3},
	Bdsk-Url-1 = {http://doi.acm.org/10.1145/304182.304199}}

@inproceedings{VitterWI98,
	Acmid = {288645},
	Address = {New York, NY, USA},
	Author = {Vitter, Jeffrey Scott and Wang, Min and Iyer, Bala},
	Booktitle = {Proceedings of the seventh international conference on Information and knowledge management},
	Date-Added = {2011-04-12 12:36:15 -0400},
	Date-Modified = {2011-04-15 14:34:16 -0400},
	Doi = {http://doi.acm.org/10.1145/288627.288645},
	Isbn = {1-58113-061-9},
	Keywords = {data cube, aqp, histograms, wavelets},
	Location = {Bethesda, Maryland, United States},
	Numpages = {9},
	Pages = {96--104},
	Publisher = {ACM},
	Series = {CIKM '98},
	Title = {Data cube approximation and histograms via wavelets},
	Url = {http://doi.acm.org/10.1145/288627.288645},
	Year = {1998},
	Bdsk-File-1 = {YnBsaXN0MDDUAQIDBAUGJCVYJHZlcnNpb25YJG9iamVjdHNZJGFyY2hpdmVyVCR0b3ASAAGGoKgHCBMUFRYaIVUkbnVsbNMJCgsMDRBWJGNsYXNzV05TLmtleXNaTlMub2JqZWN0c4AHog4PgAKAA6IREoAEgAVccmVsYXRpdmVQYXRoWWFsaWFzRGF0YV8QNy4uL2JpYmxpby9WaXR0ZXJFdEFsMTk5OC1EYXRhQ3ViZUFwcHJveEhpc3RXYXZlbGV0cy5wZGbSCRcYGVdOUy5kYXRhgAZPEQIwAAAAAAIwAAIAAAlSaW9uZGE1MDAAAAAAAAAAAAAAAAAAAAAAAADJw2LfSCsAAAAPc3UfVml0dGVyRXRBbDE5OTgtRGF0YUN1I0Y3M0E2LnBkZgAAAAAAAAAAAAAAAAAAAAAAAAAAAAAAAAAAAAAAAAAAAA9zpsnLOTkAAAAAAAAAAAABAAIAAAkgAAAAAAAAAAAAAAAAAAAABmJpYmxpbwAQAAgAAMnDmx8AAAARAAgAAMnLcXkAAAABACAAD3N1AC2kVAAPc2MAD3NeAA7IYwAFq6wABaufAACR5QACAGBSaW9uZGE1MDA6VXNlcnM6cmlvbmRhOkRvY3VtZW50czp1bmk6cmVzOmRhdGFiYXNlczphcHByb3g6YmlibGlvOlZpdHRlckV0QWwxOTk4LURhdGFDdSNGNzNBNi5wZGYADgBcAC0AVgBpAHQAdABlAHIARQB0AEEAbAAxADkAOQA4AC0ARABhAHQAYQBDAHUAYgBlAEEAcABwAHIAbwB4AEgAaQBzAHQAVwBhAHYAZQBsAGUAdABzAC4AcABkAGYADwAUAAkAUgBpAG8AbgBkAGEANQAwADAAEgBkVXNlcnMvcmlvbmRhL0RvY3VtZW50cy91bmkvcmVzL2RhdGFiYXNlcy9hcHByb3gvYmlibGlvL1ZpdHRlckV0QWwxOTk4LURhdGFDdWJlQXBwcm94SGlzdFdhdmVsZXRzLnBkZgATAAEvAAAVAAIADf//AADSGxwdHlokY2xhc3NuYW1lWCRjbGFzc2VzXU5TTXV0YWJsZURhdGGjHR8gVk5TRGF0YVhOU09iamVjdNIbHCIjXE5TRGljdGlvbmFyeaIiIF8QD05TS2V5ZWRBcmNoaXZlctEmJ1Ryb290gAEACAARABoAIwAtADIANwBAAEYATQBUAFwAZwBpAGwAbgBwAHMAdQB3AIQAjgDIAM0A1QDXAwsDEAMbAyQDMgM2Az0DRgNLA1gDWwNtA3ADdQAAAAAAAAIBAAAAAAAAACgAAAAAAAAAAAAAAAAAAAN3},
	Bdsk-Url-1 = {http://doi.acm.org/10.1145/288627.288645}}

@inproceedings{RoschL09,
	Acmid = {1516408},
	Address = {New York, NY, USA},
	Author = {R{\"{o}}sch, Philipp and Lehner, Wolfgang},
	Booktitle = {Proceedings of the 12th International Conference on Extending Database Technology: Advances in Database Technology},
	Date-Added = {2011-04-12 12:34:52 -0400},
	Date-Modified = {2011-04-15 14:23:18 -0400},
	Doi = {http://doi.acm.org/10.1145/1516360.1516408},
	Isbn = {978-1-60558-422-5},
	Keywords = {synopses, group by, aqp},
	Location = {Saint Petersburg, Russia},
	Numpages = {12},
	Pages = {403--414},
	Publisher = {ACM},
	Series = {EDBT '09},
	Title = {Sample synopses for approximate answering of group-by queries},
	Url = {http://doi.acm.org/10.1145/1516360.1516408},
	Year = {2009},
	Bdsk-File-1 = {YnBsaXN0MDDUAQIDBAUGJCVYJHZlcnNpb25YJG9iamVjdHNZJGFyY2hpdmVyVCR0b3ASAAGGoKgHCBMUFRYaIVUkbnVsbNMJCgsMDRBWJGNsYXNzV05TLmtleXNaTlMub2JqZWN0c4AHog4PgAKAA6IREoAEgAVccmVsYXRpdmVQYXRoWWFsaWFzRGF0YV8QMS4uL2JpYmxpby9Sb3NjaEV0QWwyMDA5LVNhbXBsZVN5bm9wc2VzR3JvdXBCeS5wZGbSCRcYGVdOUy5kYXRhgAZPEQIeAAAAAAIeAAIAAAlSaW9uZGE1MDAAAAAAAAAAAAAAAAAAAAAAAADJw2LfSCsAAAAPc3UfUm9zY2hFdEFsMjAwOS1TYW1wbGVTI0Y3M0EyLnBkZgAAAAAAAAAAAAAAAAAAAAAAAAAAAAAAAAAAAAAAAAAAAA9zosmNoJ0AAAAAAAAAAAABAAIAAAkgAAAAAAAAAAAAAAAAAAAABmJpYmxpbwAQAAgAAMnDmx8AAAARAAgAAMmN5u0AAAABACAAD3N1AC2kVAAPc2MAD3NeAA7IYwAFq6wABaufAACR5QACAGBSaW9uZGE1MDA6VXNlcnM6cmlvbmRhOkRvY3VtZW50czp1bmk6cmVzOmRhdGFiYXNlczphcHByb3g6YmlibGlvOlJvc2NoRXRBbDIwMDktU2FtcGxlUyNGNzNBMi5wZGYADgBQACcAUgBvAHMAYwBoAEUAdABBAGwAMgAwADAAOQAtAFMAYQBtAHAAbABlAFMAeQBuAG8AcABzAGUAcwBHAHIAbwB1AHAAQgB5AC4AcABkAGYADwAUAAkAUgBpAG8AbgBkAGEANQAwADAAEgBeVXNlcnMvcmlvbmRhL0RvY3VtZW50cy91bmkvcmVzL2RhdGFiYXNlcy9hcHByb3gvYmlibGlvL1Jvc2NoRXRBbDIwMDktU2FtcGxlU3lub3BzZXNHcm91cEJ5LnBkZgATAAEvAAAVAAIADf//AADSGxwdHlokY2xhc3NuYW1lWCRjbGFzc2VzXU5TTXV0YWJsZURhdGGjHR8gVk5TRGF0YVhOU09iamVjdNIbHCIjXE5TRGljdGlvbmFyeaIiIF8QD05TS2V5ZWRBcmNoaXZlctEmJ1Ryb290gAEACAARABoAIwAtADIANwBAAEYATQBUAFwAZwBpAGwAbgBwAHMAdQB3AIQAjgDCAMcAzwDRAvMC+AMDAwwDGgMeAyUDLgMzA0ADQwNVA1gDXQAAAAAAAAIBAAAAAAAAACgAAAAAAAAAAAAAAAAAAANf},
	Bdsk-Url-1 = {http://doi.acm.org/10.1145/1516360.1516408}}

@inproceedings{KonigW99,
	Acmid = {671668},
	Address = {San Francisco, CA, USA},
	Author = {K{\"{o}}nig, Arnd Christian and Weikum, Gerhard},
	Booktitle = {Proceedings of the 25th International Conference on Very Large Data Bases},
	Date-Added = {2011-04-12 12:32:32 -0400},
	Date-Modified = {2011-04-15 14:13:17 -0400},
	Isbn = {1-55860-615-7},
	Keywords = {histograms, curve fitting, workload information},
	Numpages = {12},
	Pages = {423--434},
	Publisher = {Morgan Kaufmann Publishers Inc.},
	Series = {VLDB '99},
	Title = {Combining Histograms and Parametric Curve Fitting for Feedback-Driven Query Result-size Estimation},
	Url = {http://portal.acm.org/citation.cfm?id=645925.671668},
	Year = {1999},
	Bdsk-File-1 = {YnBsaXN0MDDUAQIDBAUGJCVYJHZlcnNpb25YJG9iamVjdHNZJGFyY2hpdmVyVCR0b3ASAAGGoKgHCBMUFRYaIVUkbnVsbNMJCgsMDRBWJGNsYXNzV05TLmtleXNaTlMub2JqZWN0c4AHog4PgAKAA6IREoAEgAVccmVsYXRpdmVQYXRoWWFsaWFzRGF0YV8QTy4uL2JpYmxpby9Lb25pZ1dlaWt1bTE5OTktQ29tYmluaW5nSGlzdG9nUGFyYW1DdXJ2RmVlZGJhY2tEcml2ZW5RUmVzdWx0U2l6ZS5wZGbSCRcYGVdOUy5kYXRhgAZPEQJ4AAAAAAJ4AAIAAAlSaW9uZGE1MDAAAAAAAAAAAAAAAAAAAAAAAADJw2LfSCsAAAAPc3UfS29uaWdXZWlrdW0xOTk5LUNvbWJpI0Y3Mzk1LnBkZgAAAAAAAAAAAAAAAAAAAAAAAAAAAAAAAAAAAAAAAAAAAA9zlcnLNM8AAAAAAAAAAAABAAIAAAkgAAAAAAAAAAAAAAAAAAAABmJpYmxpbwAQAAgAAMnDmx8AAAARAAgAAMnLbQ8AAAABACAAD3N1AC2kVAAPc2MAD3NeAA7IYwAFq6wABaufAACR5QACAGBSaW9uZGE1MDA6VXNlcnM6cmlvbmRhOkRvY3VtZW50czp1bmk6cmVzOmRhdGFiYXNlczphcHByb3g6YmlibGlvOktvbmlnV2Vpa3VtMTk5OS1Db21iaSNGNzM5NS5wZGYADgCMAEUASwBvAG4AaQBnAFcAZQBpAGsAdQBtADEAOQA5ADkALQBDAG8AbQBiAGkAbgBpAG4AZwBIAGkAcwB0AG8AZwBQAGEAcgBhAG0AQwB1AHIAdgBGAGUAZQBkAGIAYQBjAGsARAByAGkAdgBlAG4AUQBSAGUAcwB1AGwAdABTAGkAegBlAC4AcABkAGYADwAUAAkAUgBpAG8AbgBkAGEANQAwADAAEgB8VXNlcnMvcmlvbmRhL0RvY3VtZW50cy91bmkvcmVzL2RhdGFiYXNlcy9hcHByb3gvYmlibGlvL0tvbmlnV2Vpa3VtMTk5OS1Db21iaW5pbmdIaXN0b2dQYXJhbUN1cnZGZWVkYmFja0RyaXZlblFSZXN1bHRTaXplLnBkZgATAAEvAAAVAAIADf//AADSGxwdHlokY2xhc3NuYW1lWCRjbGFzc2VzXU5TTXV0YWJsZURhdGGjHR8gVk5TRGF0YVhOU09iamVjdNIbHCIjXE5TRGljdGlvbmFyeaIiIF8QD05TS2V5ZWRBcmNoaXZlctEmJ1Ryb290gAEACAARABoAIwAtADIANwBAAEYATQBUAFwAZwBpAGwAbgBwAHMAdQB3AIQAjgDgAOUA7QDvA2sDcAN7A4QDkgOWA50DpgOrA7gDuwPNA9AD1QAAAAAAAAIBAAAAAAAAACgAAAAAAAAAAAAAAAAAAAPX},
	Bdsk-Url-1 = {http://portal.acm.org/citation.cfm?id=645925.671668}}

@inproceedings{KleinGRL06,
	Acmid = {1142579},
	Address = {New York, NY, USA},
	Author = {Klein, Anja and Gemulla, Rainer and R{\"{o}}sch, Philipp and Lehner, Wolfgang},
	Booktitle = {Proceedings of the 2006 ACM SIGMOD international conference on Management of data},
	Date-Added = {2011-04-12 12:31:06 -0400},
	Date-Modified = {2011-04-15 14:12:58 -0400},
	Doi = {http://doi.acm.org/10.1145/1142473.1142579},
	Isbn = {1-59593-434-0},
	Keywords = {aqp},
	Location = {Chicago, IL, USA},
	Numpages = {3},
	Pages = {757--759},
	Publisher = {ACM},
	Series = {SIGMOD '06},
	Title = {{Derby/S}: a {DBMS} for sample-based query answering},
	Url = {http://doi.acm.org/10.1145/1142473.1142579},
	Year = {2006},
	Bdsk-File-1 = {YnBsaXN0MDDUAQIDBAUGJCVYJHZlcnNpb25YJG9iamVjdHNZJGFyY2hpdmVyVCR0b3ASAAGGoKgHCBMUFRYaIVUkbnVsbNMJCgsMDRBWJGNsYXNzV05TLmtleXNaTlMub2JqZWN0c4AHog4PgAKAA6IREoAEgAVccmVsYXRpdmVQYXRoWWFsaWFzRGF0YV8QIi4uL2JpYmxpby9LbGVpbkV0QWwyMDA2LURlcmJ5Uy5wZGbSCRcYGVdOUy5kYXRhgAZPEQHsAAAAAAHsAAIAAAlSaW9uZGE1MDAAAAAAAAAAAAAAAAAAAAAAAADJw2LfSCsAAAAPc3UYS2xlaW5FdEFsMjAwNi1EZXJieVMucGRmAAAAAAAAAAAAAAAAAAAAAAAAAAAAAAAAAAAAAAAAAAAAAAAAAAAAAA9zlMnLUdUAAAAAAAAAAAABAAIAAAkgAAAAAAAAAAAAAAAAAAAABmJpYmxpbwAQAAgAAMnDmx8AAAARAAgAAMnLihUAAAABACAAD3N1AC2kVAAPc2MAD3NeAA7IYwAFq6wABaufAACR5QACAFlSaW9uZGE1MDA6VXNlcnM6cmlvbmRhOkRvY3VtZW50czp1bmk6cmVzOmRhdGFiYXNlczphcHByb3g6YmlibGlvOktsZWluRXRBbDIwMDYtRGVyYnlTLnBkZgAADgAyABgASwBsAGUAaQBuAEUAdABBAGwAMgAwADAANgAtAEQAZQByAGIAeQBTAC4AcABkAGYADwAUAAkAUgBpAG8AbgBkAGEANQAwADAAEgBPVXNlcnMvcmlvbmRhL0RvY3VtZW50cy91bmkvcmVzL2RhdGFiYXNlcy9hcHByb3gvYmlibGlvL0tsZWluRXRBbDIwMDYtRGVyYnlTLnBkZgAAEwABLwAAFQACAA3//wAA0hscHR5aJGNsYXNzbmFtZVgkY2xhc3Nlc11OU011dGFibGVEYXRhox0fIFZOU0RhdGFYTlNPYmplY3TSGxwiI1xOU0RpY3Rpb25hcnmiIiBfEA9OU0tleWVkQXJjaGl2ZXLRJidUcm9vdIABAAgAEQAaACMALQAyADcAQABGAE0AVABcAGcAaQBsAG4AcABzAHUAdwCEAI4AswC4AMAAwgKyArcCwgLLAtkC3QLkAu0C8gL/AwIDFAMXAxwAAAAAAAACAQAAAAAAAAAoAAAAAAAAAAAAAAAAAAADHg==},
	Bdsk-Url-1 = {http://doi.acm.org/10.1145/1142473.1142579}}

@article{JermaineAPD08,
	Acmid = {1412335},
	Address = {New York, NY, USA},
	Articleno = {23},
	Author = {Jermaine, Chris and Arumugam, Subramanian and Pol, Abhijit and Dobra, Alin},
	Date-Added = {2011-04-12 12:29:55 -0400},
	Date-Modified = {2011-04-15 14:36:55 -0400},
	Doi = {http://doi.acm.org/10.1145/1412331.1412335},
	Issn = {0362-5915},
	Issue = {4},
	Journal = {ACM Trans. Database Syst.},
	Keywords = {dbms, aqp},
	Month = {December},
	Numpages = {54},
	Pages = {23:1--23:54},
	Publisher = {ACM},
	Title = {Scalable approximate query processing with the {DBO} engine},
	Url = {http://doi.acm.org/10.1145/1412331.1412335},
	Volume = {33},
	Year = {2008},
	Bdsk-File-1 = {YnBsaXN0MDDUAQIDBAUGJCVYJHZlcnNpb25YJG9iamVjdHNZJGFyY2hpdmVyVCR0b3ASAAGGoKgHCBMUFRYaIVUkbnVsbNMJCgsMDRBWJGNsYXNzV05TLmtleXNaTlMub2JqZWN0c4AHog4PgAKAA6IREoAEgAVccmVsYXRpdmVQYXRoWWFsaWFzRGF0YV8QNy4uL2JpYmxpby9KZXJtYWluZUV0QWwyMDA4LVNjYWxBcHByb3hRdWVyUHJvY0RCT0VuZy5wZGbSCRcYGVdOUy5kYXRhgAZPEQIwAAAAAAIwAAIAAAlSaW9uZGE1MDAAAAAAAAAAAAAAAAAAAAAAAADJw2LfSCsAAAAPc3UfSmVybWFpbmVFdEFsMjAwOC1TY2FsI0Y3MzkyLnBkZgAAAAAAAAAAAAAAAAAAAAAAAAAAAAAAAAAAAAAAAAAAAA9zksnLcC4AAAAAAAAAAAABAAIAAAkgAAAAAAAAAAAAAAAAAAAABmJpYmxpbwAQAAgAAMnDmx8AAAARAAgAAMnLqG4AAAABACAAD3N1AC2kVAAPc2MAD3NeAA7IYwAFq6wABaufAACR5QACAGBSaW9uZGE1MDA6VXNlcnM6cmlvbmRhOkRvY3VtZW50czp1bmk6cmVzOmRhdGFiYXNlczphcHByb3g6YmlibGlvOkplcm1haW5lRXRBbDIwMDgtU2NhbCNGNzM5Mi5wZGYADgBcAC0ASgBlAHIAbQBhAGkAbgBlAEUAdABBAGwAMgAwADAAOAAtAFMAYwBhAGwAQQBwAHAAcgBvAHgAUQB1AGUAcgBQAHIAbwBjAEQAQgBPAEUAbgBnAC4AcABkAGYADwAUAAkAUgBpAG8AbgBkAGEANQAwADAAEgBkVXNlcnMvcmlvbmRhL0RvY3VtZW50cy91bmkvcmVzL2RhdGFiYXNlcy9hcHByb3gvYmlibGlvL0plcm1haW5lRXRBbDIwMDgtU2NhbEFwcHJveFF1ZXJQcm9jREJPRW5nLnBkZgATAAEvAAAVAAIADf//AADSGxwdHlokY2xhc3NuYW1lWCRjbGFzc2VzXU5TTXV0YWJsZURhdGGjHR8gVk5TRGF0YVhOU09iamVjdNIbHCIjXE5TRGljdGlvbmFyeaIiIF8QD05TS2V5ZWRBcmNoaXZlctEmJ1Ryb290gAEACAARABoAIwAtADIANwBAAEYATQBUAFwAZwBpAGwAbgBwAHMAdQB3AIQAjgDIAM0A1QDXAwsDEAMbAyQDMgM2Az0DRgNLA1gDWwNtA3ADdQAAAAAAAAIBAAAAAAAAACgAAAAAAAAAAAAAAAAAAAN3},
	Bdsk-Url-1 = {http://doi.acm.org/10.1145/1412331.1412335}}

@inproceedings{JermaineDPJ05,
	Acmid = {1083679},
	Author = {Jermaine, Christopher and Dobra, Alin and Pol, Abhijit and Joshi, Shantanu},
	Booktitle = {Proceedings of the 31st international conference on Very large data bases},
	Date-Added = {2011-04-12 12:29:35 -0400},
	Date-Modified = {2011-04-15 14:11:55 -0400},
	Isbn = {1-59593-154-6},
	Keywords = {online aggregation},
	Location = {Trondheim, Norway},
	Numpages = {12},
	Pages = {745--756},
	Publisher = {VLDB Endowment},
	Series = {VLDB '05},
	Title = {Online estimation for subset-based SQL queries},
	Url = {http://portal.acm.org/citation.cfm?id=1083592.1083679},
	Year = {2005},
	Bdsk-File-1 = {YnBsaXN0MDDUAQIDBAUGJCVYJHZlcnNpb25YJG9iamVjdHNZJGFyY2hpdmVyVCR0b3ASAAGGoKgHCBMUFRYaIVUkbnVsbNMJCgsMDRBWJGNsYXNzV05TLmtleXNaTlMub2JqZWN0c4AHog4PgAKAA6IREoAEgAVccmVsYXRpdmVQYXRoWWFsaWFzRGF0YV8QPC4uL2JpYmxpby9KZXJtYWluZUV0QWwyMDA1LU9ubGluZUVzdGltU3Vic2V0QmFzZWRTUUxRdWVyLnBkZtIJFxgZV05TLmRhdGGABk8RAkAAAAAAAkAAAgAACVJpb25kYTUwMAAAAAAAAAAAAAAAAAAAAAAAAMnDYt9IKwAAAA9zdR9KZXJtYWluZUV0QWwyMDA1LU9ubGkjRjczOTEucGRmAAAAAAAAAAAAAAAAAAAAAAAAAAAAAAAAAAAAAAAAAAAAD3ORycta5AAAAAAAAAAAAAEAAgAACSAAAAAAAAAAAAAAAAAAAAAGYmlibGlvABAACAAAycObHwAAABEACAAAycuTJAAAAAEAIAAPc3UALaRUAA9zYwAPc14ADshjAAWrrAAFq58AAJHlAAIAYFJpb25kYTUwMDpVc2VyczpyaW9uZGE6RG9jdW1lbnRzOnVuaTpyZXM6ZGF0YWJhc2VzOmFwcHJveDpiaWJsaW86SmVybWFpbmVFdEFsMjAwNS1PbmxpI0Y3MzkxLnBkZgAOAGYAMgBKAGUAcgBtAGEAaQBuAGUARQB0AEEAbAAyADAAMAA1AC0ATwBuAGwAaQBuAGUARQBzAHQAaQBtAFMAdQBiAHMAZQB0AEIAYQBzAGUAZABTAFEATABRAHUAZQByAC4AcABkAGYADwAUAAkAUgBpAG8AbgBkAGEANQAwADAAEgBpVXNlcnMvcmlvbmRhL0RvY3VtZW50cy91bmkvcmVzL2RhdGFiYXNlcy9hcHByb3gvYmlibGlvL0plcm1haW5lRXRBbDIwMDUtT25saW5lRXN0aW1TdWJzZXRCYXNlZFNRTFF1ZXIucGRmAAATAAEvAAAVAAIADf//AADSGxwdHlokY2xhc3NuYW1lWCRjbGFzc2VzXU5TTXV0YWJsZURhdGGjHR8gVk5TRGF0YVhOU09iamVjdNIbHCIjXE5TRGljdGlvbmFyeaIiIF8QD05TS2V5ZWRBcmNoaXZlctEmJ1Ryb290gAEACAARABoAIwAtADIANwBAAEYATQBUAFwAZwBpAGwAbgBwAHMAdQB3AIQAjgDNANIA2gDcAyADJQMwAzkDRwNLA1IDWwNgA20DcAOCA4UDigAAAAAAAAIBAAAAAAAAACgAAAAAAAAAAAAAAAAAAAOM},
	Bdsk-Url-1 = {http://portal.acm.org/citation.cfm?id=1083592.1083679}}

@inproceedings{Jermaine03,
	Acmid = {1315527},
	Author = {Jermaine, Christopher},
	Booktitle = {Proceedings of the 29th international conference on Very large data bases},
	Date-Added = {2011-04-12 12:29:13 -0400},
	Date-Modified = {2011-04-15 14:11:27 -0400},
	Isbn = {0-12-722442-4},
	Keywords = {aggregation queries, aqp},
	Location = {Berlin, Germany},
	Numpages = {12},
	Pages = {886--897},
	Publisher = {VLDB Endowment},
	Series = {VLDB '2003},
	Title = {Robust estimation with sampling and approximate pre-aggregation},
	Url = {http://portal.acm.org/citation.cfm?id=1315451.1315527},
	Year = {2003},
	Bdsk-File-1 = {YnBsaXN0MDDUAQIDBAUGJCVYJHZlcnNpb25YJG9iamVjdHNZJGFyY2hpdmVyVCR0b3ASAAGGoKgHCBMUFRYaIVUkbnVsbNMJCgsMDRBWJGNsYXNzV05TLmtleXNaTlMub2JqZWN0c4AHog4PgAKAA6IREoAEgAVccmVsYXRpdmVQYXRoWWFsaWFzRGF0YV8QNy4uL2JpYmxpby9KZXJtYWluZTIwMDMtUm9idXN0RXN0aW1hdGlvbldpdGhTYW1wbGluZy5wZGbSCRcYGVdOUy5kYXRhgAZPEQIwAAAAAAIwAAIAAAlSaW9uZGE1MDAAAAAAAAAAAAAAAAAAAAAAAADJw2LfSCsAAAAPc3UfSmVybWFpbmUyMDAzLVJvYnVzdEVzI0Y3MzkwLnBkZgAAAAAAAAAAAAAAAAAAAAAAAAAAAAAAAAAAAAAAAAAAAA9zkMmNjGEAAAAAAAAAAAABAAIAAAkgAAAAAAAAAAAAAAAAAAAABmJpYmxpbwAQAAgAAMnDmx8AAAARAAgAAMmN0rEAAAABACAAD3N1AC2kVAAPc2MAD3NeAA7IYwAFq6wABaufAACR5QACAGBSaW9uZGE1MDA6VXNlcnM6cmlvbmRhOkRvY3VtZW50czp1bmk6cmVzOmRhdGFiYXNlczphcHByb3g6YmlibGlvOkplcm1haW5lMjAwMy1Sb2J1c3RFcyNGNzM5MC5wZGYADgBcAC0ASgBlAHIAbQBhAGkAbgBlADIAMAAwADMALQBSAG8AYgB1AHMAdABFAHMAdABpAG0AYQB0AGkAbwBuAFcAaQB0AGgAUwBhAG0AcABsAGkAbgBnAC4AcABkAGYADwAUAAkAUgBpAG8AbgBkAGEANQAwADAAEgBkVXNlcnMvcmlvbmRhL0RvY3VtZW50cy91bmkvcmVzL2RhdGFiYXNlcy9hcHByb3gvYmlibGlvL0plcm1haW5lMjAwMy1Sb2J1c3RFc3RpbWF0aW9uV2l0aFNhbXBsaW5nLnBkZgATAAEvAAAVAAIADf//AADSGxwdHlokY2xhc3NuYW1lWCRjbGFzc2VzXU5TTXV0YWJsZURhdGGjHR8gVk5TRGF0YVhOU09iamVjdNIbHCIjXE5TRGljdGlvbmFyeaIiIF8QD05TS2V5ZWRBcmNoaXZlctEmJ1Ryb290gAEACAARABoAIwAtADIANwBAAEYATQBUAFwAZwBpAGwAbgBwAHMAdQB3AIQAjgDIAM0A1QDXAwsDEAMbAyQDMgM2Az0DRgNLA1gDWwNtA3ADdQAAAAAAAAIBAAAAAAAAACgAAAAAAAAAAAAAAAAAAAN3},
	Bdsk-Url-1 = {http://portal.acm.org/citation.cfm?id=1315451.1315527}}

@inproceedings{IoannidisP99,
	Acmid = {671527},
	Address = {San Francisco, CA, USA},
	Author = {Ioannidis, Yannis E. and Poosala, Viswanath},
	Booktitle = {Proceedings of the 25th International Conference on Very Large Data Bases},
	Date-Added = {2011-04-12 12:28:49 -0400},
	Date-Modified = {2011-04-15 14:11:06 -0400},
	Isbn = {1-55860-615-7},
	Keywords = {histograms, aqp},
	Numpages = {12},
	Pages = {174--185},
	Publisher = {Morgan Kaufmann Publishers Inc.},
	Series = {VLDB '99},
	Title = {Histogram-Based Approximation of Set-Valued Query-Answers},
	Url = {http://portal.acm.org/citation.cfm?id=645925.671527},
	Year = {1999},
	Bdsk-File-1 = {YnBsaXN0MDDUAQIDBAUGJCVYJHZlcnNpb25YJG9iamVjdHNZJGFyY2hpdmVyVCR0b3ASAAGGoKgHCBMUFRYaIVUkbnVsbNMJCgsMDRBWJGNsYXNzV05TLmtleXNaTlMub2JqZWN0c4AHog4PgAKAA6IREoAEgAVccmVsYXRpdmVQYXRoWWFsaWFzRGF0YV8QPS4uL2JpYmxpby9Jb2FubmlkaXNQb29zYWxhOTktSGlzdGdyQmFzZWRBcHByb3hTZXRWYWxRdWVyeS5wZGbSCRcYGVdOUy5kYXRhgAZPEQJCAAAAAAJCAAIAAAlSaW9uZGE1MDAAAAAAAAAAAAAAAAAAAAAAAADJw2LfSCsAAAAPc3UfSW9hbm5pZGlzUG9vc2FsYTk5LUhpI0Y3MzhGLnBkZgAAAAAAAAAAAAAAAAAAAAAAAAAAAAAAAAAAAAAAAAAAAA9zj8nLVbwAAAAAAAAAAAABAAIAAAkgAAAAAAAAAAAAAAAAAAAABmJpYmxpbwAQAAgAAMnDmx8AAAARAAgAAMnLjfwAAAABACAAD3N1AC2kVAAPc2MAD3NeAA7IYwAFq6wABaufAACR5QACAGBSaW9uZGE1MDA6VXNlcnM6cmlvbmRhOkRvY3VtZW50czp1bmk6cmVzOmRhdGFiYXNlczphcHByb3g6YmlibGlvOklvYW5uaWRpc1Bvb3NhbGE5OS1IaSNGNzM4Ri5wZGYADgBoADMASQBvAGEAbgBuAGkAZABpAHMAUABvAG8AcwBhAGwAYQA5ADkALQBIAGkAcwB0AGcAcgBCAGEAcwBlAGQAQQBwAHAAcgBvAHgAUwBlAHQAVgBhAGwAUQB1AGUAcgB5AC4AcABkAGYADwAUAAkAUgBpAG8AbgBkAGEANQAwADAAEgBqVXNlcnMvcmlvbmRhL0RvY3VtZW50cy91bmkvcmVzL2RhdGFiYXNlcy9hcHByb3gvYmlibGlvL0lvYW5uaWRpc1Bvb3NhbGE5OS1IaXN0Z3JCYXNlZEFwcHJveFNldFZhbFF1ZXJ5LnBkZgATAAEvAAAVAAIADf//AADSGxwdHlokY2xhc3NuYW1lWCRjbGFzc2VzXU5TTXV0YWJsZURhdGGjHR8gVk5TRGF0YVhOU09iamVjdNIbHCIjXE5TRGljdGlvbmFyeaIiIF8QD05TS2V5ZWRBcmNoaXZlctEmJ1Ryb290gAEACAARABoAIwAtADIANwBAAEYATQBUAFwAZwBpAGwAbgBwAHMAdQB3AIQAjgDOANMA2wDdAyMDKAMzAzwDSgNOA1UDXgNjA3ADcwOFA4gDjQAAAAAAAAIBAAAAAAAAACgAAAAAAAAAAAAAAAAAAAOP},
	Bdsk-Url-1 = {http://portal.acm.org/citation.cfm?id=645925.671527}}

@inproceedings{HaasNSS95,
	Acmid = {673295},
	Address = {San Francisco, CA, USA},
	Author = {Haas, Peter J. and Naughton, Jeffrey F. and Seshadri, S. and Stokes, Lynne},
	Booktitle = {Proceedings of the 21th International Conference on Very Large Data Bases},
	Date-Added = {2011-04-12 12:27:01 -0400},
	Date-Modified = {2011-04-15 14:10:54 -0400},
	Isbn = {1-55860-379-4},
	Keywords = {distinct values},
	Numpages = {12},
	Pages = {311--322},
	Publisher = {Morgan Kaufmann Publishers Inc.},
	Series = {VLDB '95},
	Title = {Sampling-Based Estimation of the Number of Distinct Values of an Attribute},
	Url = {http://portal.acm.org/citation.cfm?id=645921.673295},
	Year = {1995},
	Bdsk-File-1 = {YnBsaXN0MDDUAQIDBAUGJCVYJHZlcnNpb25YJG9iamVjdHNZJGFyY2hpdmVyVCR0b3ASAAGGoKgHCBMUFRYaIVUkbnVsbNMJCgsMDRBWJGNsYXNzV05TLmtleXNaTlMub2JqZWN0c4AHog4PgAKAA6IREoAEgAVccmVsYXRpdmVQYXRoWWFsaWFzRGF0YV8QTy4uL2JpYmxpby9IYWFzRXRBbC1TYW1wbGluZ0Jhc2VkRXN0aW1hdGlvbk51bWJlck9mRGlzdGluY3RWYWx1ZXNvZkF0dHJpYnV0ZS5wZGbSCRcYGVdOUy5kYXRhgAZPEQJ4AAAAAAJ4AAIAAAlSaW9uZGE1MDAAAAAAAAAAAAAAAAAAAAAAAADJw2LfSCsAAAAPc3UfSGFhc0V0QWwtU2FtcGxpbmdCYXNlI0Y3MzhELnBkZgAAAAAAAAAAAAAAAAAAAAAAAAAAAAAAAAAAAAAAAAAAAA9zjcnLb9EAAAAAAAAAAAABAAIAAAkgAAAAAAAAAAAAAAAAAAAABmJpYmxpbwAQAAgAAMnDmx8AAAARAAgAAMnLqBEAAAABACAAD3N1AC2kVAAPc2MAD3NeAA7IYwAFq6wABaufAACR5QACAGBSaW9uZGE1MDA6VXNlcnM6cmlvbmRhOkRvY3VtZW50czp1bmk6cmVzOmRhdGFiYXNlczphcHByb3g6YmlibGlvOkhhYXNFdEFsLVNhbXBsaW5nQmFzZSNGNzM4RC5wZGYADgCMAEUASABhAGEAcwBFAHQAQQBsAC0AUwBhAG0AcABsAGkAbgBnAEIAYQBzAGUAZABFAHMAdABpAG0AYQB0AGkAbwBuAE4AdQBtAGIAZQByAE8AZgBEAGkAcwB0AGkAbgBjAHQAVgBhAGwAdQBlAHMAbwBmAEEAdAB0AHIAaQBiAHUAdABlAC4AcABkAGYADwAUAAkAUgBpAG8AbgBkAGEANQAwADAAEgB8VXNlcnMvcmlvbmRhL0RvY3VtZW50cy91bmkvcmVzL2RhdGFiYXNlcy9hcHByb3gvYmlibGlvL0hhYXNFdEFsLVNhbXBsaW5nQmFzZWRFc3RpbWF0aW9uTnVtYmVyT2ZEaXN0aW5jdFZhbHVlc29mQXR0cmlidXRlLnBkZgATAAEvAAAVAAIADf//AADSGxwdHlokY2xhc3NuYW1lWCRjbGFzc2VzXU5TTXV0YWJsZURhdGGjHR8gVk5TRGF0YVhOU09iamVjdNIbHCIjXE5TRGljdGlvbmFyeaIiIF8QD05TS2V5ZWRBcmNoaXZlctEmJ1Ryb290gAEACAARABoAIwAtADIANwBAAEYATQBUAFwAZwBpAGwAbgBwAHMAdQB3AIQAjgDgAOUA7QDvA2sDcAN7A4QDkgOWA50DpgOrA7gDuwPNA9AD1QAAAAAAAAIBAAAAAAAAACgAAAAAAAAAAAAAAAAAAAPX},
	Bdsk-Url-1 = {http://portal.acm.org/citation.cfm?id=645921.673295}}

@inproceedings{GilbertKMS01,
	Acmid = {375598},
	Address = {New York, NY, USA},
	Author = {Gilbert, Anna C. and Kotidis, Yannis and Muthukrishnan, S. and Strauss, Marin J.},
	Booktitle = {Proceedings of the twentieth ACM SIGMOD-SIGACT-SIGART symposium on Principles of database systems},
	Date-Added = {2011-04-12 12:25:58 -0400},
	Date-Modified = {2011-04-15 14:07:53 -0400},
	Doi = {http://doi.acm.org/10.1145/375551.375598},
	Isbn = {1-58113-361-8},
	Keywords = {aqp, summarized data},
	Location = {Santa Barbara, California, United States},
	Numpages = {10},
	Pages = {227--236},
	Publisher = {ACM},
	Series = {PODS '01},
	Title = {Optimal and approximate computation of summary statistics for range aggregates},
	Url = {http://doi.acm.org/10.1145/375551.375598},
	Year = {2001},
	Bdsk-File-1 = {YnBsaXN0MDDUAQIDBAUGJCVYJHZlcnNpb25YJG9iamVjdHNZJGFyY2hpdmVyVCR0b3ASAAGGoKgHCBMUFRYaIVUkbnVsbNMJCgsMDRBWJGNsYXNzV05TLmtleXNaTlMub2JqZWN0c4AHog4PgAKAA6IREoAEgAVccmVsYXRpdmVQYXRoWWFsaWFzRGF0YV8QRC4uL2JpYmxpby9HaWxiZXJ0RXRBbDIwMDEtT3B0aW1hbEFwcHJveENvbXB1U3VtbVN0YXRzUmFuZ2VBZ2dyZWcucGRm0gkXGBlXTlMuZGF0YYAGTxECWAAAAAACWAACAAAJUmlvbmRhNTAwAAAAAAAAAAAAAAAAAAAAAAAAycNi30grAAAAD3N1H0dpbGJlcnRFdEFsMjAwMS1PcHRpbSNGNzM4OS5wZGYAAAAAAAAAAAAAAAAAAAAAAAAAAAAAAAAAAAAAAAAAAAAPc4nJy1tLAAAAAAAAAAAAAQACAAAJIAAAAAAAAAAAAAAAAAAAAAZiaWJsaW8AEAAIAADJw5sfAAAAEQAIAADJy5OLAAAAAQAgAA9zdQAtpFQAD3NjAA9zXgAOyGMABausAAWrnwAAkeUAAgBgUmlvbmRhNTAwOlVzZXJzOnJpb25kYTpEb2N1bWVudHM6dW5pOnJlczpkYXRhYmFzZXM6YXBwcm94OmJpYmxpbzpHaWxiZXJ0RXRBbDIwMDEtT3B0aW0jRjczODkucGRmAA4AdgA6AEcAaQBsAGIAZQByAHQARQB0AEEAbAAyADAAMAAxAC0ATwBwAHQAaQBtAGEAbABBAHAAcAByAG8AeABDAG8AbQBwAHUAUwB1AG0AbQBTAHQAYQB0AHMAUgBhAG4AZwBlAEEAZwBnAHIAZQBnAC4AcABkAGYADwAUAAkAUgBpAG8AbgBkAGEANQAwADAAEgBxVXNlcnMvcmlvbmRhL0RvY3VtZW50cy91bmkvcmVzL2RhdGFiYXNlcy9hcHByb3gvYmlibGlvL0dpbGJlcnRFdEFsMjAwMS1PcHRpbWFsQXBwcm94Q29tcHVTdW1tU3RhdHNSYW5nZUFnZ3JlZy5wZGYAABMAAS8AABUAAgAN//8AANIbHB0eWiRjbGFzc25hbWVYJGNsYXNzZXNdTlNNdXRhYmxlRGF0YaMdHyBWTlNEYXRhWE5TT2JqZWN00hscIiNcTlNEaWN0aW9uYXJ5oiIgXxAPTlNLZXllZEFyY2hpdmVy0SYnVHJvb3SAAQAIABEAGgAjAC0AMgA3AEAARgBNAFQAXABnAGkAbABuAHAAcwB1AHcAhACOANUA2gDiAOQDQANFA1ADWQNnA2sDcgN7A4ADjQOQA6IDpQOqAAAAAAAAAgEAAAAAAAAAKAAAAAAAAAAAAAAAAAAAA6w=},
	Bdsk-Url-1 = {http://doi.acm.org/10.1145/375551.375598}}

@inproceedings{Gibbons01,
	Acmid = {672351},
	Address = {San Francisco, CA, USA},
	Author = {Gibbons, Phillip B.},
	Booktitle = {Proceedings of the 27th International Conference on Very Large Data Bases},
	Date-Added = {2011-04-12 12:25:09 -0400},
	Date-Modified = {2011-04-15 14:07:00 -0400},
	Isbn = {1-55860-804-4},
	Keywords = {distinct values},
	Numpages = {10},
	Pages = {541--550},
	Publisher = {Morgan Kaufmann Publishers Inc.},
	Series = {VLDB '01},
	Title = {Distinct Sampling for Highly-Accurate Answers to Distinct Values Queries and Event Reports},
	Url = {http://portal.acm.org/citation.cfm?id=645927.672351},
	Year = {2001},
	Bdsk-File-1 = {YnBsaXN0MDDUAQIDBAUGJCVYJHZlcnNpb25YJG9iamVjdHNZJGFyY2hpdmVyVCR0b3ASAAGGoKgHCBMUFRYaIVUkbnVsbNMJCgsMDRBWJGNsYXNzV05TLmtleXNaTlMub2JqZWN0c4AHog4PgAKAA6IREoAEgAVccmVsYXRpdmVQYXRoWWFsaWFzRGF0YV8QRi4uL2JpYmxpby9HaWJib25zMjAwMS1EaXN0aW5jdFNhbXBsaW5nSGlnaGx5QWNjdXJhdGVEaXN0aW5jdFZhbHVlcy5wZGbSCRcYGVdOUy5kYXRhgAZPEQJeAAAAAAJeAAIAAAlSaW9uZGE1MDAAAAAAAAAAAAAAAAAAAAAAAADJw2LfSCsAAAAPc3UfR2liYm9uczIwMDEtRGlzdGluY3RTI0Y3Mzg3LnBkZgAAAAAAAAAAAAAAAAAAAAAAAAAAAAAAAAAAAAAAAAAAAA9zh8nLUvsAAAAAAAAAAAABAAIAAAkgAAAAAAAAAAAAAAAAAAAABmJpYmxpbwAQAAgAAMnDmx8AAAARAAgAAMnLizsAAAABACAAD3N1AC2kVAAPc2MAD3NeAA7IYwAFq6wABaufAACR5QACAGBSaW9uZGE1MDA6VXNlcnM6cmlvbmRhOkRvY3VtZW50czp1bmk6cmVzOmRhdGFiYXNlczphcHByb3g6YmlibGlvOkdpYmJvbnMyMDAxLURpc3RpbmN0UyNGNzM4Ny5wZGYADgB6ADwARwBpAGIAYgBvAG4AcwAyADAAMAAxAC0ARABpAHMAdABpAG4AYwB0AFMAYQBtAHAAbABpAG4AZwBIAGkAZwBoAGwAeQBBAGMAYwB1AHIAYQB0AGUARABpAHMAdABpAG4AYwB0AFYAYQBsAHUAZQBzAC4AcABkAGYADwAUAAkAUgBpAG8AbgBkAGEANQAwADAAEgBzVXNlcnMvcmlvbmRhL0RvY3VtZW50cy91bmkvcmVzL2RhdGFiYXNlcy9hcHByb3gvYmlibGlvL0dpYmJvbnMyMDAxLURpc3RpbmN0U2FtcGxpbmdIaWdobHlBY2N1cmF0ZURpc3RpbmN0VmFsdWVzLnBkZgAAEwABLwAAFQACAA3//wAA0hscHR5aJGNsYXNzbmFtZVgkY2xhc3Nlc11OU011dGFibGVEYXRhox0fIFZOU0RhdGFYTlNPYmplY3TSGxwiI1xOU0RpY3Rpb25hcnmiIiBfEA9OU0tleWVkQXJjaGl2ZXLRJidUcm9vdIABAAgAEQAaACMALQAyADcAQABGAE0AVABcAGcAaQBsAG4AcABzAHUAdwCEAI4A1wDcAOQA5gNIA00DWANhA28DcwN6A4MDiAOVA5gDqgOtA7IAAAAAAAACAQAAAAAAAAAoAAAAAAAAAAAAAAAAAAADtA==},
	Bdsk-Url-1 = {http://portal.acm.org/citation.cfm?id=645927.672351}}

@inproceedings{GarofalakisG02,
	Acmid = {564746},
	Address = {New York, NY, USA},
	Author = {Garofalakis, Minos and Gibbons, Phillip B.},
	Booktitle = {Proceedings of the 2002 ACM SIGMOD international conference on Management of data},
	Date-Added = {2011-04-12 12:22:47 -0400},
	Date-Modified = {2011-04-15 14:06:38 -0400},
	Doi = {http://doi.acm.org/10.1145/564691.564746},
	Isbn = {1-58113-497-5},
	Keywords = {wavelets, error guarantees, synopses},
	Location = {Madison, Wisconsin},
	Numpages = {12},
	Pages = {476--487},
	Publisher = {ACM},
	Series = {SIGMOD '02},
	Title = {Wavelet synopses with error guarantees},
	Url = {http://doi.acm.org/10.1145/564691.564746},
	Year = {2002},
	Bdsk-File-1 = {YnBsaXN0MDDUAQIDBAUGJCVYJHZlcnNpb25YJG9iamVjdHNZJGFyY2hpdmVyVCR0b3ASAAGGoKgHCBMUFRYaIVUkbnVsbNMJCgsMDRBWJGNsYXNzV05TLmtleXNaTlMub2JqZWN0c4AHog4PgAKAA6IREoAEgAVccmVsYXRpdmVQYXRoWWFsaWFzRGF0YV8QPy4uL2JpYmxpby9HYXJvZmFsYWtpc0dpYmJvbnMyMDAyLVdhdmVsZXRTeW5vcHNlc0Vycm9HdWFyYW50LnBkZtIJFxgZV05TLmRhdGGABk8RAkgAAAAAAkgAAgAACVJpb25kYTUwMAAAAAAAAAAAAAAAAAAAAAAAAMnDYt9IKwAAAA9zdR9HYXJvZmFsYWtpc0dpYmJvbnMyMDAjRjczODYucGRmAAAAAAAAAAAAAAAAAAAAAAAAAAAAAAAAAAAAAAAAAAAAD3OGyctxngAAAAAAAAAAAAEAAgAACSAAAAAAAAAAAAAAAAAAAAAGYmlibGlvABAACAAAycObHwAAABEACAAAycup3gAAAAEAIAAPc3UALaRUAA9zYwAPc14ADshjAAWrrAAFq58AAJHlAAIAYFJpb25kYTUwMDpVc2VyczpyaW9uZGE6RG9jdW1lbnRzOnVuaTpyZXM6ZGF0YWJhc2VzOmFwcHJveDpiaWJsaW86R2Fyb2ZhbGFraXNHaWJib25zMjAwI0Y3Mzg2LnBkZgAOAGwANQBHAGEAcgBvAGYAYQBsAGEAawBpAHMARwBpAGIAYgBvAG4AcwAyADAAMAAyAC0AVwBhAHYAZQBsAGUAdABTAHkAbgBvAHAAcwBlAHMARQByAHIAbwBHAHUAYQByAGEAbgB0AC4AcABkAGYADwAUAAkAUgBpAG8AbgBkAGEANQAwADAAEgBsVXNlcnMvcmlvbmRhL0RvY3VtZW50cy91bmkvcmVzL2RhdGFiYXNlcy9hcHByb3gvYmlibGlvL0dhcm9mYWxha2lzR2liYm9uczIwMDItV2F2ZWxldFN5bm9wc2VzRXJyb0d1YXJhbnQucGRmABMAAS8AABUAAgAN//8AANIbHB0eWiRjbGFzc25hbWVYJGNsYXNzZXNdTlNNdXRhYmxlRGF0YaMdHyBWTlNEYXRhWE5TT2JqZWN00hscIiNcTlNEaWN0aW9uYXJ5oiIgXxAPTlNLZXllZEFyY2hpdmVy0SYnVHJvb3SAAQAIABEAGgAjAC0AMgA3AEAARgBNAFQAXABnAGkAbABuAHAAcwB1AHcAhACOANAA1QDdAN8DKwMwAzsDRANSA1YDXQNmA2sDeAN7A40DkAOVAAAAAAAAAgEAAAAAAAAAKAAAAAAAAAAAAAAAAAAAA5c=},
	Bdsk-Url-1 = {http://doi.acm.org/10.1145/564691.564746}}

@inproceedings{GarofalakisG01,
	Acmid = {672356},
	Address = {San Francisco, CA, USA},
	Author = {Garofalakis, Minos N. and Gibbons, Phillip B.},
	Booktitle = {Proceedings of the 27th International Conference on Very Large Data Bases},
	Date-Added = {2011-04-12 12:22:16 -0400},
	Date-Modified = {2011-04-15 14:06:26 -0400},
	Isbn = {1-55860-804-4},
	Keywords = {aqp, survey},
	Pages = {725},
	Publisher = {Morgan Kaufmann Publishers Inc.},
	Series = {VLDB '01},
	Title = {Approximate Query Processing: Taming the TeraBytes},
	Url = {http://portal.acm.org/citation.cfm?id=645927.672356},
	Year = {2001},
	Bdsk-File-1 = {YnBsaXN0MDDUAQIDBAUGJCVYJHZlcnNpb25YJG9iamVjdHNZJGFyY2hpdmVyVCR0b3ASAAGGoKgHCBMUFRYaIVUkbnVsbNMJCgsMDRBWJGNsYXNzV05TLmtleXNaTlMub2JqZWN0c4AHog4PgAKAA6IREoAEgAVccmVsYXRpdmVQYXRoWWFsaWFzRGF0YV8QQS4uL2JpYmxpby9WTERCMDEtdHV0b3JpYWwtR2Fyb2ZhbGFraXMtR2liYm9ucy5wcHQgW1JlYWQtT25seV0ucGRm0gkXGBlXTlMuZGF0YYAGTxECTgAAAAACTgACAAAJUmlvbmRhNTAwAAAAAAAAAAAAAAAAAAAAAAAAycNi30grAAAAD3N1H1ZMREIwMS10dXRvcmlhbC1HYXJvZiNGNzNBOC5wZGYAAAAAAAAAAAAAAAAAAAAAAAAAAAAAAAAAAAAAAAAAAAAPc6jJyVn2AAAAAAAAAAAAAQACAAAJIAAAAAAAAAAAAAAAAAAAAAZiaWJsaW8AEAAIAADJw5sfAAAAEQAIAADJyZI2AAAAAQAgAA9zdQAtpFQAD3NjAA9zXgAOyGMABausAAWrnwAAkeUAAgBgUmlvbmRhNTAwOlVzZXJzOnJpb25kYTpEb2N1bWVudHM6dW5pOnJlczpkYXRhYmFzZXM6YXBwcm94OmJpYmxpbzpWTERCMDEtdHV0b3JpYWwtR2Fyb2YjRjczQTgucGRmAA4AcAA3AFYATABEAEIAMAAxAC0AdAB1AHQAbwByAGkAYQBsAC0ARwBhAHIAbwBmAGEAbABhAGsAaQBzAC0ARwBpAGIAYgBvAG4AcwAuAHAAcAB0ACAAWwBSAGUAYQBkAC0ATwBuAGwAeQBdAC4AcABkAGYADwAUAAkAUgBpAG8AbgBkAGEANQAwADAAEgBuVXNlcnMvcmlvbmRhL0RvY3VtZW50cy91bmkvcmVzL2RhdGFiYXNlcy9hcHByb3gvYmlibGlvL1ZMREIwMS10dXRvcmlhbC1HYXJvZmFsYWtpcy1HaWJib25zLnBwdCBbUmVhZC1Pbmx5XS5wZGYAEwABLwAAFQACAA3//wAA0hscHR5aJGNsYXNzbmFtZVgkY2xhc3Nlc11OU011dGFibGVEYXRhox0fIFZOU0RhdGFYTlNPYmplY3TSGxwiI1xOU0RpY3Rpb25hcnmiIiBfEA9OU0tleWVkQXJjaGl2ZXLRJidUcm9vdIABAAgAEQAaACMALQAyADcAQABGAE0AVABcAGcAaQBsAG4AcABzAHUAdwCEAI4A0gDXAN8A4QMzAzgDQwNMA1oDXgNlA24DcwOAA4MDlQOYA50AAAAAAAACAQAAAAAAAAAoAAAAAAAAAAAAAAAAAAADnw==},
	Bdsk-Url-1 = {http://portal.acm.org/citation.cfm?id=645927.672356}}

@inproceedings{GantiLR00,
	Acmid = {672017},
	Address = {San Francisco, CA, USA},
	Author = {Ganti, Venkatesh and Lee, Mong-Li and Ramakrishnan, Raghu},
	Booktitle = {Proceedings of the 26th International Conference on Very Large Data Bases},
	Date-Added = {2011-04-12 12:21:02 -0400},
	Date-Modified = {2011-04-15 14:43:57 -0400},
	Isbn = {1-55860-715-3},
	Keywords = {workload information, online sampling},
	Numpages = {12},
	Pages = {176--187},
	Publisher = {Morgan Kaufmann Publishers Inc.},
	Series = {VLDB '00},
	Title = {{ICICLES}: Self-Tuning Samples for Approximate Query Answering},
	Url = {http://portal.acm.org/citation.cfm?id=645926.672017},
	Year = {2000},
	Bdsk-File-1 = {YnBsaXN0MDDUAQIDBAUGJCVYJHZlcnNpb25YJG9iamVjdHNZJGFyY2hpdmVyVCR0b3ASAAGGoKgHCBMUFRYaIVUkbnVsbNMJCgsMDRBWJGNsYXNzV05TLmtleXNaTlMub2JqZWN0c4AHog4PgAKAA6IREoAEgAVccmVsYXRpdmVQYXRoWWFsaWFzRGF0YV8QIy4uL2JpYmxpby9HYW50aUV0QWwyMDAwLUljaWNsZXMucGRm0gkXGBlXTlMuZGF0YYAGTxEB7gAAAAAB7gACAAAJUmlvbmRhNTAwAAAAAAAAAAAAAAAAAAAAAAAAycNi30grAAAAD3N1GUdhbnRpRXRBbDIwMDAtSWNpY2xlcy5wZGYAAAAAAAAAAAAAAAAAAAAAAAAAAAAAAAAAAAAAAAAAAAAAAAAAAAAPc4XJjYwCAAAAAAAAAAAAAQACAAAJIAAAAAAAAAAAAAAAAAAAAAZiaWJsaW8AEAAIAADJw5sfAAAAEQAIAADJjdJSAAAAAQAgAA9zdQAtpFQAD3NjAA9zXgAOyGMABausAAWrnwAAkeUAAgBaUmlvbmRhNTAwOlVzZXJzOnJpb25kYTpEb2N1bWVudHM6dW5pOnJlczpkYXRhYmFzZXM6YXBwcm94OmJpYmxpbzpHYW50aUV0QWwyMDAwLUljaWNsZXMucGRmAA4ANAAZAEcAYQBuAHQAaQBFAHQAQQBsADIAMAAwADAALQBJAGMAaQBjAGwAZQBzAC4AcABkAGYADwAUAAkAUgBpAG8AbgBkAGEANQAwADAAEgBQVXNlcnMvcmlvbmRhL0RvY3VtZW50cy91bmkvcmVzL2RhdGFiYXNlcy9hcHByb3gvYmlibGlvL0dhbnRpRXRBbDIwMDAtSWNpY2xlcy5wZGYAEwABLwAAFQACAA3//wAA0hscHR5aJGNsYXNzbmFtZVgkY2xhc3Nlc11OU011dGFibGVEYXRhox0fIFZOU0RhdGFYTlNPYmplY3TSGxwiI1xOU0RpY3Rpb25hcnmiIiBfEA9OU0tleWVkQXJjaGl2ZXLRJidUcm9vdIABAAgAEQAaACMALQAyADcAQABGAE0AVABcAGcAaQBsAG4AcABzAHUAdwCEAI4AtAC5AMEAwwK1AroCxQLOAtwC4ALnAvAC9QMCAwUDFwMaAx8AAAAAAAACAQAAAAAAAAAoAAAAAAAAAAAAAAAAAAADIQ==},
	Bdsk-Url-1 = {http://portal.acm.org/citation.cfm?id=645926.672017}}

@inproceedings{Dobra05,
	Acmid = {1065196},
	Address = {New York, NY, USA},
	Author = {Dobra, Alin},
	Booktitle = {Proceedings of the twenty-fourth ACM SIGMOD-SIGACT-SIGART symposium on Principles of database systems},
	Date-Added = {2011-04-12 12:20:39 -0400},
	Date-Modified = {2011-04-15 14:05:37 -0400},
	Doi = {http://doi.acm.org/10.1145/1065167.1065196},
	Isbn = {1-59593-062-0},
	Keywords = {histograms, aqp},
	Location = {Baltimore, Maryland},
	Numpages = {10},
	Pages = {228--237},
	Publisher = {ACM},
	Series = {PODS '05},
	Title = {Histograms revisited: when are histograms the best approximation method for aggregates over joins?},
	Url = {http://doi.acm.org/10.1145/1065167.1065196},
	Year = {2005},
	Bdsk-File-1 = {YnBsaXN0MDDUAQIDBAUGJCVYJHZlcnNpb25YJG9iamVjdHNZJGFyY2hpdmVyVCR0b3ASAAGGoKgHCBMUFRYaIVUkbnVsbNMJCgsMDRBWJGNsYXNzV05TLmtleXNaTlMub2JqZWN0c4AHog4PgAKAA6IREoAEgAVccmVsYXRpdmVQYXRoWWFsaWFzRGF0YV8QTy4uL2JpYmxpby9Eb2JyYTIwMDUtSGlzdG9nclJldmlzaXRlZFdoZW5BcmVIaXN0QmVzdEFwcHJveEZvckFnZ3JlZ092ZXJKb2lucy5wZGbSCRcYGVdOUy5kYXRhgAZPEQJ4AAAAAAJ4AAIAAAlSaW9uZGE1MDAAAAAAAAAAAAAAAAAAAAAAAADJw2LfSCsAAAAPc3UfRG9icmEyMDA1LUhpc3RvZ3JSZXZpI0Y3Mzg0LnBkZgAAAAAAAAAAAAAAAAAAAAAAAAAAAAAAAAAAAAAAAAAAAA9zhMnLVk4AAAAAAAAAAAABAAIAAAkgAAAAAAAAAAAAAAAAAAAABmJpYmxpbwAQAAgAAMnDmx8AAAARAAgAAMnLjo4AAAABACAAD3N1AC2kVAAPc2MAD3NeAA7IYwAFq6wABaufAACR5QACAGBSaW9uZGE1MDA6VXNlcnM6cmlvbmRhOkRvY3VtZW50czp1bmk6cmVzOmRhdGFiYXNlczphcHByb3g6YmlibGlvOkRvYnJhMjAwNS1IaXN0b2dyUmV2aSNGNzM4NC5wZGYADgCMAEUARABvAGIAcgBhADIAMAAwADUALQBIAGkAcwB0AG8AZwByAFIAZQB2AGkAcwBpAHQAZQBkAFcAaABlAG4AQQByAGUASABpAHMAdABCAGUAcwB0AEEAcABwAHIAbwB4AEYAbwByAEEAZwBnAHIAZQBnAE8AdgBlAHIASgBvAGkAbgBzAC4AcABkAGYADwAUAAkAUgBpAG8AbgBkAGEANQAwADAAEgB8VXNlcnMvcmlvbmRhL0RvY3VtZW50cy91bmkvcmVzL2RhdGFiYXNlcy9hcHByb3gvYmlibGlvL0RvYnJhMjAwNS1IaXN0b2dyUmV2aXNpdGVkV2hlbkFyZUhpc3RCZXN0QXBwcm94Rm9yQWdncmVnT3ZlckpvaW5zLnBkZgATAAEvAAAVAAIADf//AADSGxwdHlokY2xhc3NuYW1lWCRjbGFzc2VzXU5TTXV0YWJsZURhdGGjHR8gVk5TRGF0YVhOU09iamVjdNIbHCIjXE5TRGljdGlvbmFyeaIiIF8QD05TS2V5ZWRBcmNoaXZlctEmJ1Ryb290gAEACAARABoAIwAtADIANwBAAEYATQBUAFwAZwBpAGwAbgBwAHMAdQB3AIQAjgDgAOUA7QDvA2sDcAN7A4QDkgOWA50DpgOrA7gDuwPNA9AD1QAAAAAAAAIBAAAAAAAAACgAAAAAAAAAAAAAAAAAAAPX},
	Bdsk-Url-1 = {http://doi.acm.org/10.1145/1065167.1065196}}

@article{ChaudhuriDN07,
	Acmid = {1242526},
	Address = {New York, NY, USA},
	Articleno = {9},
	Author = {Chaudhuri, Surajit and Das, Gautam and Narasayya, Vivek},
	Date-Added = {2011-04-12 12:18:46 -0400},
	Date-Modified = {2011-04-15 14:03:55 -0400},
	Doi = {http://doi.acm.org/10.1145/1242524.1242526},
	Issn = {0362-5915},
	Issue = {2},
	Journal = {ACM Trans. Database Syst.},
	Keywords = {aqp, stratified sampling, optimization},
	Month = {June},
	Publisher = {ACM},
	Title = {Optimized stratified sampling for approximate query processing},
	Url = {http://doi.acm.org/10.1145/1242524.1242526},
	Volume = {32},
	Year = {2007},
	Bdsk-File-1 = {YnBsaXN0MDDUAQIDBAUGJCVYJHZlcnNpb25YJG9iamVjdHNZJGFyY2hpdmVyVCR0b3ASAAGGoKgHCBMUFRYaIVUkbnVsbNMJCgsMDRBWJGNsYXNzV05TLmtleXNaTlMub2JqZWN0c4AHog4PgAKAA6IREoAEgAVccmVsYXRpdmVQYXRoWWFsaWFzRGF0YV8QWC4uL2JpYmxpby9DaGF1ZGh1cmlFdEFsMjAwNy1PcHRpbWl6ZWRTdHJhdGlmaWVkU2FtcGxpbmdGb3JBcHByb3hpbWF0ZVF1ZXJ5UHJvY2Vzc2luZy5wZGbSCRcYGVdOUy5kYXRhgAZPEQKUAAAAAAKUAAIAAAlSaW9uZGE1MDAAAAAAAAAAAAAAAAAAAAAAAADJw2LfSCsAAAAPc3UfQ2hhdWRodXJpRXRBbDIwMDctT3B0I0Y3MzgyLnBkZgAAAAAAAAAAAAAAAAAAAAAAAAAAAAAAAAAAAAAAAAAAAA9zgsbMJmgAAAAAAAAAAAABAAIAAAkgAAAAAAAAAAAAAAAAAAAABmJpYmxpbwAQAAgAAMnDmx8AAAARAAgAAMbMXqgAAAABACAAD3N1AC2kVAAPc2MAD3NeAA7IYwAFq6wABaufAACR5QACAGBSaW9uZGE1MDA6VXNlcnM6cmlvbmRhOkRvY3VtZW50czp1bmk6cmVzOmRhdGFiYXNlczphcHByb3g6YmlibGlvOkNoYXVkaHVyaUV0QWwyMDA3LU9wdCNGNzM4Mi5wZGYADgCeAE4AQwBoAGEAdQBkAGgAdQByAGkARQB0AEEAbAAyADAAMAA3AC0ATwBwAHQAaQBtAGkAegBlAGQAUwB0AHIAYQB0AGkAZgBpAGUAZABTAGEAbQBwAGwAaQBuAGcARgBvAHIAQQBwAHAAcgBvAHgAaQBtAGEAdABlAFEAdQBlAHIAeQBQAHIAbwBjAGUAcwBzAGkAbgBnAC4AcABkAGYADwAUAAkAUgBpAG8AbgBkAGEANQAwADAAEgCFVXNlcnMvcmlvbmRhL0RvY3VtZW50cy91bmkvcmVzL2RhdGFiYXNlcy9hcHByb3gvYmlibGlvL0NoYXVkaHVyaUV0QWwyMDA3LU9wdGltaXplZFN0cmF0aWZpZWRTYW1wbGluZ0ZvckFwcHJveGltYXRlUXVlcnlQcm9jZXNzaW5nLnBkZgAAEwABLwAAFQACAA3//wAA0hscHR5aJGNsYXNzbmFtZVgkY2xhc3Nlc11OU011dGFibGVEYXRhox0fIFZOU0RhdGFYTlNPYmplY3TSGxwiI1xOU0RpY3Rpb25hcnmiIiBfEA9OU0tleWVkQXJjaGl2ZXLRJidUcm9vdIABAAgAEQAaACMALQAyADcAQABGAE0AVABcAGcAaQBsAG4AcABzAHUAdwCEAI4A6QDuAPYA+AOQA5UDoAOpA7cDuwPCA8sD0APdA+AD8gP1A/oAAAAAAAACAQAAAAAAAAAoAAAAAAAAAAAAAAAAAAAD/A==},
	Bdsk-Url-1 = {http://doi.acm.org/10.1145/1242524.1242526}}

@inproceedings{ChaudhuriDS04,
	Acmid = {1007602},
	Address = {New York, NY, USA},
	Author = {Chaudhuri, Surajit and Das, Gautam and Srivastava, Utkarsh},
	Booktitle = {Proceedings of the 2004 ACM SIGMOD international conference on Management of data},
	Date-Added = {2011-04-12 12:18:19 -0400},
	Date-Modified = {2011-04-15 14:04:21 -0400},
	Doi = {http://doi.acm.org/10.1145/1007568.1007602},
	Isbn = {1-58113-859-8},
	Keywords = {block sampling, statistics estimation},
	Location = {Paris, France},
	Numpages = {12},
	Pages = {287--298},
	Publisher = {ACM},
	Series = {SIGMOD '04},
	Title = {Effective use of block-level sampling in statistics estimation},
	Url = {http://doi.acm.org/10.1145/1007568.1007602},
	Year = {2004},
	Bdsk-File-1 = {YnBsaXN0MDDUAQIDBAUGJCVYJHZlcnNpb25YJG9iamVjdHNZJGFyY2hpdmVyVCR0b3ASAAGGoKgHCBMUFRYaIVUkbnVsbNMJCgsMDRBWJGNsYXNzV05TLmtleXNaTlMub2JqZWN0c4AHog4PgAKAA6IREoAEgAVccmVsYXRpdmVQYXRoWWFsaWFzRGF0YV8QRS4uL2JpYmxpby9DaGF1ZGh1cmlFdEFsMjAwNC1FZmZlY3RVc2VCbG9ja0xldlNhbXBsU3RhdGlzdGljc0VzdGltLnBkZtIJFxgZV05TLmRhdGGABk8RAloAAAAAAloAAgAACVJpb25kYTUwMAAAAAAAAAAAAAAAAAAAAAAAAMnDYt9IKwAAAA9zdR9DaGF1ZGh1cmlFdEFsMjAwNC1FZmYjRjczODEucGRmAAAAAAAAAAAAAAAAAAAAAAAAAAAAAAAAAAAAAAAAAAAAD3OByctUFgAAAAAAAAAAAAEAAgAACSAAAAAAAAAAAAAAAAAAAAAGYmlibGlvABAACAAAycObHwAAABEACAAAycuMVgAAAAEAIAAPc3UALaRUAA9zYwAPc14ADshjAAWrrAAFq58AAJHlAAIAYFJpb25kYTUwMDpVc2VyczpyaW9uZGE6RG9jdW1lbnRzOnVuaTpyZXM6ZGF0YWJhc2VzOmFwcHJveDpiaWJsaW86Q2hhdWRodXJpRXRBbDIwMDQtRWZmI0Y3MzgxLnBkZgAOAHgAOwBDAGgAYQB1AGQAaAB1AHIAaQBFAHQAQQBsADIAMAAwADQALQBFAGYAZgBlAGMAdABVAHMAZQBCAGwAbwBjAGsATABlAHYAUwBhAG0AcABsAFMAdABhAHQAaQBzAHQAaQBjAHMARQBzAHQAaQBtAC4AcABkAGYADwAUAAkAUgBpAG8AbgBkAGEANQAwADAAEgByVXNlcnMvcmlvbmRhL0RvY3VtZW50cy91bmkvcmVzL2RhdGFiYXNlcy9hcHByb3gvYmlibGlvL0NoYXVkaHVyaUV0QWwyMDA0LUVmZmVjdFVzZUJsb2NrTGV2U2FtcGxTdGF0aXN0aWNzRXN0aW0ucGRmABMAAS8AABUAAgAN//8AANIbHB0eWiRjbGFzc25hbWVYJGNsYXNzZXNdTlNNdXRhYmxlRGF0YaMdHyBWTlNEYXRhWE5TT2JqZWN00hscIiNcTlNEaWN0aW9uYXJ5oiIgXxAPTlNLZXllZEFyY2hpdmVy0SYnVHJvb3SAAQAIABEAGgAjAC0AMgA3AEAARgBNAFQAXABnAGkAbABuAHAAcwB1AHcAhACOANYA2wDjAOUDQwNIA1MDXANqA24DdQN+A4MDkAOTA6UDqAOtAAAAAAAAAgEAAAAAAAAAKAAAAAAAAAAAAAAAAAAAA68=},
	Bdsk-Url-1 = {http://doi.acm.org/10.1145/1007568.1007602}}

@inproceedings{ChaudhuriDDMN01,
	Abstract = {Studies the problem of approximately answering aggregation queries using sampling. We observe that uniform sampling performs poorly when the distribution of the aggregated attribute is skewed. To address this issue, we introduce a technique called outlier indexing. Uniform sampling is also ineffective for queries with low selectivity. We rely on weighted sampling based on workload information to overcome this shortcoming. We demonstrate that a combination of outlier indexing with weighted sampling can be used to answer aggregation queries with a significantly reduced approximation error compared to either uniform sampling or weighted sampling alone. We discuss the implementation of these techniques on Microsoft's SQL Server and present experimental results that demonstrate the merits of our techniques},
	Author = {Chaudhuri, Surajit and Das, Gautam and Datar, Mayur and Motwani, Rajeev and Narasayya, Vivek},
	Booktitle = {Proceedings of the 17th International Conference on Data Engineering},
	Date-Added = {2011-04-12 12:17:23 -0400},
	Date-Modified = {2011-04-15 14:04:54 -0400},
	Doi = {10.1109/ICDE.2001.914867},
	Keywords = {aggregation queries, aqp, outlier indexing, query selectivity, weighted sampling, workload information, limitations of sampling},
	Pages = {534--542},
	Series = {ICDE '01},
	Title = {Overcoming limitations of sampling for aggregation queries},
	Year = {2001},
	Bdsk-File-1 = {YnBsaXN0MDDUAQIDBAUGJCVYJHZlcnNpb25YJG9iamVjdHNZJGFyY2hpdmVyVCR0b3ASAAGGoKgHCBMUFRYaIVUkbnVsbNMJCgsMDRBWJGNsYXNzV05TLmtleXNaTlMub2JqZWN0c4AHog4PgAKAA6IREoAEgAVccmVsYXRpdmVQYXRoWWFsaWFzRGF0YV8QPy4uL2JpYmxpby9DaGF1ZGh1cmlFdEFsMjAwMS1PdmVyY29taW5nTGltaXRhdGlvbnNPZlNhbXBsaW5nLnBkZtIJFxgZV05TLmRhdGGABk8RAkgAAAAAAkgAAgAACVJpb25kYTUwMAAAAAAAAAAAAAAAAAAAAAAAAMnDYt9IKwAAAA9zdR9DaGF1ZGh1cmlFdEFsMjAwMS1PdmUjRjczODAucGRmAAAAAAAAAAAAAAAAAAAAAAAAAAAAAAAAAAAAAAAAAAAAD3OAyY2KyQAAAAAAAAAAAAEAAgAACSAAAAAAAAAAAAAAAAAAAAAGYmlibGlvABAACAAAycObHwAAABEACAAAyY3RGQAAAAEAIAAPc3UALaRUAA9zYwAPc14ADshjAAWrrAAFq58AAJHlAAIAYFJpb25kYTUwMDpVc2VyczpyaW9uZGE6RG9jdW1lbnRzOnVuaTpyZXM6ZGF0YWJhc2VzOmFwcHJveDpiaWJsaW86Q2hhdWRodXJpRXRBbDIwMDEtT3ZlI0Y3MzgwLnBkZgAOAGwANQBDAGgAYQB1AGQAaAB1AHIAaQBFAHQAQQBsADIAMAAwADEALQBPAHYAZQByAGMAbwBtAGkAbgBnAEwAaQBtAGkAdABhAHQAaQBvAG4AcwBPAGYAUwBhAG0AcABsAGkAbgBnAC4AcABkAGYADwAUAAkAUgBpAG8AbgBkAGEANQAwADAAEgBsVXNlcnMvcmlvbmRhL0RvY3VtZW50cy91bmkvcmVzL2RhdGFiYXNlcy9hcHByb3gvYmlibGlvL0NoYXVkaHVyaUV0QWwyMDAxLU92ZXJjb21pbmdMaW1pdGF0aW9uc09mU2FtcGxpbmcucGRmABMAAS8AABUAAgAN//8AANIbHB0eWiRjbGFzc25hbWVYJGNsYXNzZXNdTlNNdXRhYmxlRGF0YaMdHyBWTlNEYXRhWE5TT2JqZWN00hscIiNcTlNEaWN0aW9uYXJ5oiIgXxAPTlNLZXllZEFyY2hpdmVy0SYnVHJvb3SAAQAIABEAGgAjAC0AMgA3AEAARgBNAFQAXABnAGkAbABuAHAAcwB1AHcAhACOANAA1QDdAN8DKwMwAzsDRANSA1YDXQNmA2sDeAN7A40DkAOVAAAAAAAAAgEAAAAAAAAAKAAAAAAAAAAAAAAAAAAAA5c=},
	Bdsk-Url-1 = {http://ieeexplore.ieee.org/stamp/stamp.jsp?tp=&arnumber=914867},
	Bdsk-Url-2 = {http://dx.doi.org/10.1109/ICDE.2001.914867}}

@inproceedings{ChaudhuriMN99,
	Acmid = {304206},
	Address = {New York, NY, USA},
	Author = {Chaudhuri, Surajit and Motwani, Rajeev and Narasayya, Vivek},
	Booktitle = {Proceedings of the 1999 ACM SIGMOD international conference on Management of data},
	Date-Added = {2011-04-12 12:15:35 -0400},
	Date-Modified = {2011-04-15 14:04:38 -0400},
	Doi = {http://doi.acm.org/10.1145/304182.304206},
	Isbn = {1-58113-084-8},
	Keywords = {limitations of sampling},
	Location = {Philadelphia, Pennsylvania, United States},
	Numpages = {12},
	Pages = {263--274},
	Publisher = {ACM},
	Series = {SIGMOD '99},
	Title = {On random sampling over joins},
	Url = {http://doi.acm.org/10.1145/304182.304206},
	Year = {1999},
	Bdsk-File-1 = {YnBsaXN0MDDUAQIDBAUGJCVYJHZlcnNpb25YJG9iamVjdHNZJGFyY2hpdmVyVCR0b3ASAAGGoKgHCBMUFRYaIVUkbnVsbNMJCgsMDRBWJGNsYXNzV05TLmtleXNaTlMub2JqZWN0c4AHog4PgAKAA6IREoAEgAVccmVsYXRpdmVQYXRoWWFsaWFzRGF0YV8QNy4uL2JpYmxpby9DaGF1ZGh1cmlFdEFsMTk5OS1SYW5kb21TYW1wbGluZ092ZXJKb2lucy5wZGbSCRcYGVdOUy5kYXRhgAZPEQIwAAAAAAIwAAIAAAlSaW9uZGE1MDAAAAAAAAAAAAAAAAAAAAAAAADJw2LfSCsAAAAPc3UfQ2hhdWRodXJpRXRBbDE5OTktUmFuI0Y3MzdGLnBkZgAAAAAAAAAAAAAAAAAAAAAAAAAAAAAAAAAAAAAAAAAAAA9zf8mNiwUAAAAAAAAAAAABAAIAAAkgAAAAAAAAAAAAAAAAAAAABmJpYmxpbwAQAAgAAMnDmx8AAAARAAgAAMmN0VUAAAABACAAD3N1AC2kVAAPc2MAD3NeAA7IYwAFq6wABaufAACR5QACAGBSaW9uZGE1MDA6VXNlcnM6cmlvbmRhOkRvY3VtZW50czp1bmk6cmVzOmRhdGFiYXNlczphcHByb3g6YmlibGlvOkNoYXVkaHVyaUV0QWwxOTk5LVJhbiNGNzM3Ri5wZGYADgBcAC0AQwBoAGEAdQBkAGgAdQByAGkARQB0AEEAbAAxADkAOQA5AC0AUgBhAG4AZABvAG0AUwBhAG0AcABsAGkAbgBnAE8AdgBlAHIASgBvAGkAbgBzAC4AcABkAGYADwAUAAkAUgBpAG8AbgBkAGEANQAwADAAEgBkVXNlcnMvcmlvbmRhL0RvY3VtZW50cy91bmkvcmVzL2RhdGFiYXNlcy9hcHByb3gvYmlibGlvL0NoYXVkaHVyaUV0QWwxOTk5LVJhbmRvbVNhbXBsaW5nT3ZlckpvaW5zLnBkZgATAAEvAAAVAAIADf//AADSGxwdHlokY2xhc3NuYW1lWCRjbGFzc2VzXU5TTXV0YWJsZURhdGGjHR8gVk5TRGF0YVhOU09iamVjdNIbHCIjXE5TRGljdGlvbmFyeaIiIF8QD05TS2V5ZWRBcmNoaXZlctEmJ1Ryb290gAEACAARABoAIwAtADIANwBAAEYATQBUAFwAZwBpAGwAbgBwAHMAdQB3AIQAjgDIAM0A1QDXAwsDEAMbAyQDMgM2Az0DRgNLA1gDWwNtA3ADdQAAAAAAAAIBAAAAAAAAACgAAAAAAAAAAAAAAAAAAAN3},
	Bdsk-Url-1 = {http://doi.acm.org/10.1145/304182.304206}}

@inproceedings{CharikarCMN00,
	Acmid = {335230},
	Address = {New York, NY, USA},
	Author = {Charikar, Moses and Chaudhuri, Surajit and Motwani, Rajeev and Narasayya, Vivek},
	Booktitle = {Proceedings of the nineteenth ACM SIGMOD-SIGACT-SIGART symposium on Principles of database systems},
	Date-Added = {2011-04-12 12:14:44 -0400},
	Date-Modified = {2011-04-15 14:02:15 -0400},
	Doi = {http://doi.acm.org/10.1145/335168.335230},
	Isbn = {1-58113-214-X},
	Keywords = {error guarantees, distinct values},
	Location = {Dallas, Texas, United States},
	Numpages = {12},
	Pages = {268--279},
	Publisher = {ACM},
	Series = {PODS '00},
	Title = {Towards estimation error guarantees for distinct values},
	Url = {http://doi.acm.org/10.1145/335168.335230},
	Year = {2000},
	Bdsk-File-1 = {YnBsaXN0MDDUAQIDBAUGJCVYJHZlcnNpb25YJG9iamVjdHNZJGFyY2hpdmVyVCR0b3ASAAGGoKgHCBMUFRYaIVUkbnVsbNMJCgsMDRBWJGNsYXNzV05TLmtleXNaTlMub2JqZWN0c4AHog4PgAKAA6IREoAEgAVccmVsYXRpdmVQYXRoWWFsaWFzRGF0YV8QQy4uL2JpYmxpby9DaGFyaWthckV0QWwyMDAwLVRvd2FyZHNFc3RpbUVyckd1YXJhbnREaXN0aW5jdFZhbHVlcy5wZGbSCRcYGVdOUy5kYXRhgAZPEQJUAAAAAAJUAAIAAAlSaW9uZGE1MDAAAAAAAAAAAAAAAAAAAAAAAADJw2LfSCsAAAAPc3UfQ2hhcmlrYXJFdEFsMjAwMC1Ub3dhI0Y3MzdFLnBkZgAAAAAAAAAAAAAAAAAAAAAAAAAAAAAAAAAAAAAAAAAAAA9zfsnLcVgAAAAAAAAAAAABAAIAAAkgAAAAAAAAAAAAAAAAAAAABmJpYmxpbwAQAAgAAMnDmx8AAAARAAgAAMnLqZgAAAABACAAD3N1AC2kVAAPc2MAD3NeAA7IYwAFq6wABaufAACR5QACAGBSaW9uZGE1MDA6VXNlcnM6cmlvbmRhOkRvY3VtZW50czp1bmk6cmVzOmRhdGFiYXNlczphcHByb3g6YmlibGlvOkNoYXJpa2FyRXRBbDIwMDAtVG93YSNGNzM3RS5wZGYADgB0ADkAQwBoAGEAcgBpAGsAYQByAEUAdABBAGwAMgAwADAAMAAtAFQAbwB3AGEAcgBkAHMARQBzAHQAaQBtAEUAcgByAEcAdQBhAHIAYQBuAHQARABpAHMAdABpAG4AYwB0AFYAYQBsAHUAZQBzAC4AcABkAGYADwAUAAkAUgBpAG8AbgBkAGEANQAwADAAEgBwVXNlcnMvcmlvbmRhL0RvY3VtZW50cy91bmkvcmVzL2RhdGFiYXNlcy9hcHByb3gvYmlibGlvL0NoYXJpa2FyRXRBbDIwMDAtVG93YXJkc0VzdGltRXJyR3VhcmFudERpc3RpbmN0VmFsdWVzLnBkZgATAAEvAAAVAAIADf//AADSGxwdHlokY2xhc3NuYW1lWCRjbGFzc2VzXU5TTXV0YWJsZURhdGGjHR8gVk5TRGF0YVhOU09iamVjdNIbHCIjXE5TRGljdGlvbmFyeaIiIF8QD05TS2V5ZWRBcmNoaXZlctEmJ1Ryb290gAEACAARABoAIwAtADIANwBAAEYATQBUAFwAZwBpAGwAbgBwAHMAdQB3AIQAjgDUANkA4QDjAzsDQANLA1QDYgNmA20DdgN7A4gDiwOdA6ADpQAAAAAAAAIBAAAAAAAAACgAAAAAAAAAAAAAAAAAAAOn},
	Bdsk-Url-1 = {http://doi.acm.org/10.1145/335168.335230}}

@article{ChakrabartiGRS01,
	Acmid = {767147},
	Address = {Secaucus, NJ, USA},
	Author = {Chakrabarti, Kaushik and Garofalakis, Minos and Rastogi, Rajeev and Shim, Kyuseok},
	Date-Added = {2011-04-12 12:14:14 -0400},
	Date-Modified = {2011-08-01 18:55:28 -0400},
	Issn = {1066-8888},
	Issue = {2-3},
	Journal = {The VLDB Journal},
	Keywords = {aqp, synopses, wavelets},
	Month = {September},
	Numpages = {25},
	Pages = {199--223},
	Publisher = {Springer-Verlag},
	Title = {Approximate Query Processing Using Wavelets},
	Url = {http://portal.acm.org/citation.cfm?id=767141.767147},
	Volume = {10},
	Year = {2001},
	Bdsk-File-1 = {YnBsaXN0MDDUAQIDBAUGJCVYJHZlcnNpb25YJG9iamVjdHNZJGFyY2hpdmVyVCR0b3ASAAGGoKgHCBMUFRYaIVUkbnVsbNMJCgsMDRBWJGNsYXNzV05TLmtleXNaTlMub2JqZWN0c4AHog4PgAKAA6IREoAEgAVccmVsYXRpdmVQYXRoWWFsaWFzRGF0YV8QLi4uL2JpYmxpby9DaGFja3JhYmFydGlFdEFsMjAwMS1BUFFXYXZlbGV0cy5wZGbSCRcYGVdOUy5kYXRhgAZPEQIWAAAAAAIWAAIAAAlSaW9uZGE1MDAAAAAAAAAAAAAAAAAAAAAAAADJw2LfSCsAAAAPc3UfQ2hhY2tyYWJhcnRpRXRBbDIwMDEtI0Y3MzdELnBkZgAAAAAAAAAAAAAAAAAAAAAAAAAAAAAAAAAAAAAAAAAAAA9zfcnLL6oAAAAAAAAAAAABAAIAAAkgAAAAAAAAAAAAAAAAAAAABmJpYmxpbwAQAAgAAMnDmx8AAAARAAgAAMnLZ+oAAAABACAAD3N1AC2kVAAPc2MAD3NeAA7IYwAFq6wABaufAACR5QACAGBSaW9uZGE1MDA6VXNlcnM6cmlvbmRhOkRvY3VtZW50czp1bmk6cmVzOmRhdGFiYXNlczphcHByb3g6YmlibGlvOkNoYWNrcmFiYXJ0aUV0QWwyMDAxLSNGNzM3RC5wZGYADgBKACQAQwBoAGEAYwBrAHIAYQBiAGEAcgB0AGkARQB0AEEAbAAyADAAMAAxAC0AQQBQAFEAVwBhAHYAZQBsAGUAdABzAC4AcABkAGYADwAUAAkAUgBpAG8AbgBkAGEANQAwADAAEgBbVXNlcnMvcmlvbmRhL0RvY3VtZW50cy91bmkvcmVzL2RhdGFiYXNlcy9hcHByb3gvYmlibGlvL0NoYWNrcmFiYXJ0aUV0QWwyMDAxLUFQUVdhdmVsZXRzLnBkZgAAEwABLwAAFQACAA3//wAA0hscHR5aJGNsYXNzbmFtZVgkY2xhc3Nlc11OU011dGFibGVEYXRhox0fIFZOU0RhdGFYTlNPYmplY3TSGxwiI1xOU0RpY3Rpb25hcnmiIiBfEA9OU0tleWVkQXJjaGl2ZXLRJidUcm9vdIABAAgAEQAaACMALQAyADcAQABGAE0AVABcAGcAaQBsAG4AcABzAHUAdwCEAI4AvwDEAMwAzgLoAu0C+AMBAw8DEwMaAyMDKAM1AzgDSgNNA1IAAAAAAAACAQAAAAAAAAAoAAAAAAAAAAAAAAAAAAADVA==},
	Bdsk-Url-1 = {http://portal.acm.org/citation.cfm?id=767141.767147}}

@inproceedings{BabcockCD03,
	Acmid = {872822},
	Address = {New York, NY, USA},
	Author = {Babcock, Brian and Chaudhuri, Surajit and Das, Gautam},
	Booktitle = {Proceedings of the 2003 ACM SIGMOD international conference on Management of data},
	Date-Added = {2011-04-12 12:13:19 -0400},
	Date-Modified = {2011-04-15 14:01:26 -0400},
	Doi = {http://doi.acm.org/10.1145/872757.872822},
	Isbn = {1-58113-634-X},
	Keywords = {aqp, dynamic sampling},
	Location = {San Diego, California},
	Numpages = {12},
	Pages = {539--550},
	Publisher = {ACM},
	Series = {SIGMOD '03},
	Title = {Dynamic sample selection for approximate query processing},
	Url = {http://doi.acm.org/10.1145/872757.872822},
	Year = {2003},
	Bdsk-File-1 = {YnBsaXN0MDDUAQIDBAUGJCVYJHZlcnNpb25YJG9iamVjdHNZJGFyY2hpdmVyVCR0b3ASAAGGoKgHCBMUFRYaIVUkbnVsbNMJCgsMDRBWJGNsYXNzV05TLmtleXNaTlMub2JqZWN0c4AHog4PgAKAA6IREoAEgAVccmVsYXRpdmVQYXRoWWFsaWFzRGF0YV8QLC4uL2JpYmxpby9CYWJjb2NrRXRBbDIwMDMtRHluYW1pY1NhbXBsZXMucGRm0gkXGBlXTlMuZGF0YYAGTxECEAAAAAACEAACAAAJUmlvbmRhNTAwAAAAAAAAAAAAAAAAAAAAAAAAycNi30grAAAAD3N1H0JhYmNvY2tFdEFsMjAwMy1EeW5hbSNGNzM3Qi5wZGYAAAAAAAAAAAAAAAAAAAAAAAAAAAAAAAAAAAAAAAAAAAAPc3vJjYpiAAAAAAAAAAAAAQACAAAJIAAAAAAAAAAAAAAAAAAAAAZiaWJsaW8AEAAIAADJw5sfAAAAEQAIAADJjdCyAAAAAQAgAA9zdQAtpFQAD3NjAA9zXgAOyGMABausAAWrnwAAkeUAAgBgUmlvbmRhNTAwOlVzZXJzOnJpb25kYTpEb2N1bWVudHM6dW5pOnJlczpkYXRhYmFzZXM6YXBwcm94OmJpYmxpbzpCYWJjb2NrRXRBbDIwMDMtRHluYW0jRjczN0IucGRmAA4ARgAiAEIAYQBiAGMAbwBjAGsARQB0AEEAbAAyADAAMAAzAC0ARAB5AG4AYQBtAGkAYwBTAGEAbQBwAGwAZQBzAC4AcABkAGYADwAUAAkAUgBpAG8AbgBkAGEANQAwADAAEgBZVXNlcnMvcmlvbmRhL0RvY3VtZW50cy91bmkvcmVzL2RhdGFiYXNlcy9hcHByb3gvYmlibGlvL0JhYmNvY2tFdEFsMjAwMy1EeW5hbWljU2FtcGxlcy5wZGYAABMAAS8AABUAAgAN//8AANIbHB0eWiRjbGFzc25hbWVYJGNsYXNzZXNdTlNNdXRhYmxlRGF0YaMdHyBWTlNEYXRhWE5TT2JqZWN00hscIiNcTlNEaWN0aW9uYXJ5oiIgXxAPTlNLZXllZEFyY2hpdmVy0SYnVHJvb3SAAQAIABEAGgAjAC0AMgA3AEAARgBNAFQAXABnAGkAbABuAHAAcwB1AHcAhACOAL0AwgDKAMwC4ALlAvAC+QMHAwsDEgMbAyADLQMwA0IDRQNKAAAAAAAAAgEAAAAAAAAAKAAAAAAAAAAAAAAAAAAAA0w=},
	Bdsk-Url-1 = {http://doi.acm.org/10.1145/872757.872822}}

@inproceedings{AcharyaGPR99b,
	Acmid = {304581},
	Address = {New York, NY, USA},
	Author = {Acharya, Swarup and Gibbons, Phillip B. and Poosala, Viswanath and Ramaswamy, Sridhar},
	Booktitle = {Proceedings of the 1999 ACM SIGMOD international conference on Management of data},
	Date-Added = {2011-04-12 11:58:59 -0400},
	Date-Modified = {2011-04-15 14:00:28 -0400},
	Doi = {http://doi.acm.org/10.1145/304182.304581},
	Isbn = {1-58113-084-8},
	Keywords = {aqp, dbms},
	Numpages = {3},
	Pages = {574--576},
	Publisher = {ACM},
	Series = {SIGMOD '99},
	Title = {The {AQUA} approximate query answering system},
	Url = {http://doi.acm.org/10.1145/304182.304581},
	Year = {1999},
	Bdsk-File-1 = {YnBsaXN0MDDUAQIDBAUGJCVYJHZlcnNpb25YJG9iamVjdHNZJGFyY2hpdmVyVCR0b3ASAAGGoKgHCBMUFRYaIVUkbnVsbNMJCgsMDRBWJGNsYXNzV05TLmtleXNaTlMub2JqZWN0c4AHog4PgAKAA6IREoAEgAVccmVsYXRpdmVQYXRoWWFsaWFzRGF0YV8QMy4uL2JpYmxpby9BY2hhcnlhRXRBbDIwMDktQXF1YUFwcHJveFF1ZXJBbnN3U3lzLnBkZtIJFxgZV05TLmRhdGGABk8RAiQAAAAAAiQAAgAACVJpb25kYTUwMAAAAAAAAAAAAAAAAAAAAAAAAMnDYt9IKwAAAA9zdR9BY2hhcnlhRXRBbDIwMDktQXF1YUEjRjczNzkucGRmAAAAAAAAAAAAAAAAAAAAAAAAAAAAAAAAAAAAAAAAAAAAD3N5yctxCAAAAAAAAAAAAAEAAgAACSAAAAAAAAAAAAAAAAAAAAAGYmlibGlvABAACAAAycObHwAAABEACAAAycupSAAAAAEAIAAPc3UALaRUAA9zYwAPc14ADshjAAWrrAAFq58AAJHlAAIAYFJpb25kYTUwMDpVc2VyczpyaW9uZGE6RG9jdW1lbnRzOnVuaTpyZXM6ZGF0YWJhc2VzOmFwcHJveDpiaWJsaW86QWNoYXJ5YUV0QWwyMDA5LUFxdWFBI0Y3Mzc5LnBkZgAOAFQAKQBBAGMAaABhAHIAeQBhAEUAdABBAGwAMgAwADAAOQAtAEEAcQB1AGEAQQBwAHAAcgBvAHgAUQB1AGUAcgBBAG4AcwB3AFMAeQBzAC4AcABkAGYADwAUAAkAUgBpAG8AbgBkAGEANQAwADAAEgBgVXNlcnMvcmlvbmRhL0RvY3VtZW50cy91bmkvcmVzL2RhdGFiYXNlcy9hcHByb3gvYmlibGlvL0FjaGFyeWFFdEFsMjAwOS1BcXVhQXBwcm94UXVlckFuc3dTeXMucGRmABMAAS8AABUAAgAN//8AANIbHB0eWiRjbGFzc25hbWVYJGNsYXNzZXNdTlNNdXRhYmxlRGF0YaMdHyBWTlNEYXRhWE5TT2JqZWN00hscIiNcTlNEaWN0aW9uYXJ5oiIgXxAPTlNLZXllZEFyY2hpdmVy0SYnVHJvb3SAAQAIABEAGgAjAC0AMgA3AEAARgBNAFQAXABnAGkAbABuAHAAcwB1AHcAhACOAMQAyQDRANMC+wMAAwsDFAMiAyYDLQM2AzsDSANLA10DYANlAAAAAAAAAgEAAAAAAAAAKAAAAAAAAAAAAAAAAAAAA2c=},
	Bdsk-Url-1 = {http://doi.acm.org/10.1145/304182.304581}}
