/Users/rionda/Documents/Documenti-CV/cv/riondapubs.bib